3517 5434
329 683 357 734 A
379 679 501 736 ιε-τι.
866 667 906 728 ¹²

331 855 438 918 ρασαν.
484 831 670 916 διωκόμενοι
689 831 749 916 γάρ
780 833 837 904 ἀπ’
860 832 1025 917 ἀλλήλων,
1058 833 1239 915 ἀγνοοῦντες
1267 831 1334 916 μέν,
1363 833 1450 918 όμως

331 931 367 994 δέ
397 930 603 1014 τετολμήκασι
630 931 682 993 καὶ
712 928 804 1015 μέχρι
833 934 889 992 τοιῖ
916 931 1022 1014 φωτὸς
1049 929 1233 1014 ἀναχθῆναι.
1275 931 1326 994 καὶ
1353 931 1384 994 τί
1409 931 1447 1014 δὴ

330 1027 448 1092 τούτων
471 1026 701 1112 ἀπιθανώτερον
730 1029 751 1112 ἢ
776 1027 1032 1112 μυθωδέστερονγ
1059 1026 1131 1097 τοὺς
1160 1028 1230 1112 μίαν
1250 1028 1304 1113 μὲν
1328 1028 1448 1114 ἐπιγρα-

331 1123 489 1208 φομένους
516 1123 650 1209 μητέρα,
690 1125 850 1209 συγγενείφ
879 1125 915 1188 δέ
946 1123 1070 1209 φύσεως
1098 1124 1278 1209 ἡνωμένους
1305 1127 1450 1210 ἀλλήλοις

297 1222 521 1307 δέπιφύεσθαι
549 1223 645 1305 μάτην
676 1222 727 1286 καὶ
748 1223 892 1307 ἀλλήλων
921 1221 959 1284 τά
982 1222 1060 1307 μέλη
1087 1223 1257 1286 κατεσθίειν
1282 1224 1334 1287 καὶ
1357 1223 1448 1308 μηδέ-

330 1341 406 1382 ποτε
428 1320 530 1404 λήγειν
552 1323 642 1382 τοῦτο
664 1320 816 1403 δρῶντας,
840 1320 916 1405 όπερ
940 1321 967 1384 εί
992 1321 1044 1384 καί
1066 1319 1183 1404 ἀληθὲς
1202 1319 1257 1410 ήν,
1273 1321 1391 1407 βέλτιον
1410 1320 1448 1406 ήν

333 1415 445 1484 αὐτούς
473 1415 526 1501 ὑφ’
551 1416 669 1478 ἑαυτῶν
694 1417 915 1480 ἀναλίσκεσθαι
940 1418 991 1481 καί
1013 1419 1110 1502 μάτην
1133 1417 1149 1480 ό
1174 1415 1304 1502 ἀνόητος
1325 1418 1448 1488 ἀταξίαν

332 1516 424 1577 καλεῖ
448 1514 483 1578 τδ
515 1512 688 1596 συμφέρον·
709 1512 821 1598 ταύτης
845 1514 903 1598 γάρ
934 1517 1065 1599 μάλιστα
1095 1520 1148 1599 τῆς
1179 1516 1286 1585 κακίας
1316 1517 1450 1600 ὁρίζεται

331 1612 385 1692 τὴν
415 1612 475 1694 πρδ
497 1608 616 1693 κόσμου
639 1609 781 1686 ἀταξίαν,
809 1611 845 1695 ἣν
869 1613 974 1698 ῶσηερ
997 1610 1191 1696 λυπούμενος
1219 1617 1273 1696 τῆς
1302 1614 1376 1697 ύλης
1399 1613 1448 1676 υθ-

282 1718 316 1772 w
332 1730 393 1776 τως
413 1707 579 1791 δνομάζει,
600 1706 646 1770 ότι
669 1708 710 1792 μὴ
732 1707 950 1792 προσηκόντως
970 1709 1024 1794 ὑφ’
1044 1710 1156 1792 ἑαυτῆς
1179 1710 1369 1794 ἀνηλίσκετο.
1398 1711 1450 1774 καὶ

332 1806 438 1888 ῶσπερ
456 1827 500 1873 τις
522 1805 614 1890 φιλος
634 1805 746 1889 ταύτης
766 1805 932 1889 ἀδημονῶν
955 1805 1005 1892 ἐφ’
1032 1807 1078 1876 οίς
1099 1807 1211 1890 ἑαυτήν
1229 1807 1449 1894 κατέβλαιιτεν,

333 1901 458 1971 ἀταξίαν
478 1903 585 1979 καλεῖ,
616 1901 636 1964 ἀ
658 1902 878 1988 συμφερόντως
901 1901 975 1967 καθ’
1000 1904 1112 1988 ἑαυτῆς
1140 1903 1234 1988 ἔδρα,
1263 1904 1334 1969 δέον
1365 1905 1449 1968 εὐτα-

332 2000 396 2070 ξίαν
422 2001 477 2083 τὴν
507 2000 656 2065 ἀνωτάτω
685 1999 816 2064 καλέσαι
847 2003 882 2065 τδ
912 2001 1098 2086 φθείρεσθαί
1124 2024 1160 2085 γε
1187 2003 1242 2088 ὑφ’
1274 2003 1386 2066 ἑαυτοῦ
1413 2003 1449 2066 τδ

332 2096 436 2160 κακόν.
496 2096 550 2170 20,
592 2098 677 2179 όδέ,
698 2099 858 2183 ήτάκτουν,
888 2103 973 2183 φησί,
1001 2100 1051 2162 καὶ
1076 2100 1201 2184 ήδίκουν
1225 2101 1391 2185 ἀλλήλους,
1414 2101 1448 2164 τδ

282 2203 315 2260 ῖθ
334 2199 401 2279 φῶς
423 2196 458 2258 δέ
482 2196 597 2266 ίδόντες
619 2196 803 2260 ἐπαύσαντο.
834 2197 947 2260 ούκοῦν
970 2195 1180 2282 ἐπεβούλευσε
1198 2203 1242 2283 tq}
1264 2197 1450 2284 συμφέροντι

331 2293 365 2355 τδ
387 2297 472 2376 φῶς,
500 2292 563 2376 εἴγε
586 2293 659 2362 τοίνς
681 2293 794 2362 κακοὺς
820 2295 966 2379 ἀλλήλων
996 2293 1145 2378 ἐρρύσατο
1172 2297 1224 2360 καί
1247 2297 1351 2380 ῶσπερ
1374 2297 1449 2380 φάρ-

332 2412 431 2473 μακον
455 2391 561 2472 ίατροιῖ
581 2390 768 2475 εὐηργέτησε
789 2390 862 2459 τοὺς
881 2395 1056 2460 νοσοῦντας.
1086 2389 1143 2455 οὐκ
1164 2391 1202 2477 ἡν
1226 2394 1261 2458 δὲ
1278 2397 1356 2479 πρὸς
1378 2393 1450 2474 ἀγα-

331 2487 391 2550 θού
421 2487 588 2573 φείσασθαι
613 2493 668 2552 τοῦ
699 2492 797 2551 κακοῦ
826 2489 870 2556 είς
898 2489 931 2551 τὸ
965 2487 1119 2572 διαμένειν
1146 2492 1197 2554 καὶ
1223 2491 1380 2563 σώζεσθαι
1400 2491 1451 2554 καὶ
1609 2499 1610 2540 1

332 2586 374 2670 μὴ
407 2584 460 2671 ὑφ’
488 2586 601 2649 ἑαυτοῦ
629 2585 867 2664 ἀναλίσκεσθαι·
895 2585 922 2648 εί
948 2584 1005 2669 γάρ
1034 2585 1090 2671 ὑφ’
1117 2587 1229 2652 ἑαυτοῦ
1254 2588 1451 2652 δαπανᾶσθαι

280 2693 316 2746 w
332 2688 422 2746 τούτο
442 2685 652 2760 διεκώλυσεν,
677 2682 815 2769 ἄντικρυς
837 2682 929 2752 αύτδς
948 2683 1237 2769 διετήρησεναύτό·
1265 2687 1316 2750 καὶ
1340 2684 1388 2769 εἴη
1413 2683 1449 2748 ἀν

331 2779 541 2866 ἀληθέστερον
570 2785 660 2844 τοῦτο
692 2781 817 2858 ἀταξία,
853 2781 871 2845 ό
903 2805 979 2866 φησι
1008 2783 1061 2866 τὴν
1096 2783 1219 2854 ἀταξίαν
1247 2783 1449 2846 πεπαυκέναι.

331 2876 376 2949 21.
419 2878 471 2942 ότε
497 2880 596 2942 τοίνυν
618 2878 715 2963 (αύτή
739 2878 821 2949 λέξει
843 2880 935 2964 φησὶν
959 2880 979 2962 ἡ
1012 2879 1087 2966 παρ’
1110 2879 1214 2949 αύτοῖς
1236 2881 1353 2967 βίβλος)
1375 2881 1452 2965 πρὸς

331 2977 487 3061 ἀλλήλους
506 2980 717 3050 στασιάζοντες
737 2975 934 3040 ἐπεπόλασαν
955 2977 1006 3040 καὶ
1026 2977 1118 3063 μέχρι
1140 2983 1200 3040 τῶν
1213 2979 1379 3063 μεθορίων,
1399 2978 1451 3042 καὶ

331 3077 365 3138 τὸ
389 3079 457 3159 φῶς
478 3075 572 3153 εἶδον,
591 3074 697 3159 θέαμά
718 3098 746 3137 τι
763 3076 925 3138 κάλλιστον
948 3075 999 3136 καὶ
1019 3073 1281 3158 εὐπρεπέστατον,
1303 3076 1371 3140 τότε
1391 3077 1449 3140 ύπδ

205 3233 210 3242 ,
279 3177 315 3232 δύ
331 3178 385 3258 τῆς
413 3173 444 3236 ἐν
479 3173 584 3243 αὐτοῖς
612 3175 762 3259 κινήσεως
790 3172 1010 3239 ἐνθουσιῶντες
1045 3171 1122 3235 κατὰ
1152 3177 1206 3236 τοῦ
1236 3175 1339 3257 φωτδς
1362 3173 1449 3258 ἐβου-

333 3272 501 3348 λούσαντο,
530 3271 560 3334 τί
582 3272 621 3354 δή
647 3272 830 3354 ποιήσαντες
858 3269 997 3332 δύναιντο
1027 3267 1062 3331 ἀν
1094 3267 1206 3338 αύτοδς
1234 3275 1279 3354 tq}
1305 3271 1451 3354 κρείττονι

332 3371 528 3452 συγκεράσαι.
572 3375 662 3432 τοῦτο
694 3368 729 3430 δέ
755 3365 938 3448 λογίσασθαι
961 3364 1020 3449 οὐχ
1048 3365 1111 3427 οἶοί
1130 3389 1163 3428 τε
1182 3365 1273 3450 ἦσαν,
1296 3365 1365 3426 ἀλλ’
1386 3365 1448 3426 ἐπι-

331 3466 429 3550 θυμία
455 3471 509 3529 τοῦ
537 3467 707 3550 κρείττονος
733 3462 809 3526 ἴδιον
833 3461 963 3545 θήραμα
988 3462 1165 3544 νομίσαντες
1186 3459 1290 3538 αὐτοῖς
1310 3459 1449 3536 ἔσεσθαι,

273 3577 276 3583 ’
331 3564 444 3630 πολλοὶ
472 3562 556 3632 ὄντες
583 3559 873 3645 ἐπεστρατεύσαντο.
932 3557 1078 3622 λανθάνει
1105 3557 1142 3640 δὴ
1170 3563 1234 3625 τοῖς
1262 3561 1316 3642 τῆς
1342 3557 1450 3628 κακίας

280 3663 317 3720 w
334 3661 412 3730 υἱοῖς
435 3660 473 3725 τὰ
494 3660 615 3723 πάντων
637 3658 784 3720 κάλλιστα
805 3654 1101 3742 προ[σ]μαρτυρῶν·
1124 3655 1152 3719 εί
1169 3654 1227 3740 γάρ
1241 3656 1274 3719 τδ
1288 3657 1449 3720 κάλλιστον

331 3760 382 3822 καὶ
402 3756 645 3842 εὐπρεπέστατον
677 3752 833 3835 ἐρασμίως
859 3753 942 3816 εἶδον
972 3751 1024 3815 καὶ
1052 3750 1296 3838 ἐπιθυμήσαντες
1321 3755 1450 3840 θήραμα

332 3856 410 3920 ’ίδιον
441 3853 585 3936 ἐνόμισαν
610 3847 702 3926 αὐτό,
734 3849 828 3933 δῆλον
860 3855 904 3922 ῶς
934 3849 1025 3934 ὀρθοί
1046 3872 1081 3936 γε
1108 3850 1186 3936 ήσαν
1208 3852 1262 3935 τήν
1285 3851 1449 3938 ὑπόληψιν,

332 3951 484 4017 ὥστεκαὶ
504 3945 706 4034 βουλεύονται
728 3948 759 4010 οί
779 3947 873 4033 λόγου
898 3951 939 4035 μὴ
954 3946 1144 4034 μετέχοντες,
1169 3943 1255 4018 ὅπως
1270 3948 1305 4013 ἀν
1320 3950 1450 4020 ἑαυτοὺς

332 4049 529 4132 ἐγκεράσοιεν
553 4051 597 4131 τῷ
627 4045 716 4130 φωτί.
763 4048 814 4112 καὶ
844 4048 964 4133 φθόνου
994 4047 1101 4110 λοιπόν
1132 4045 1170 4131 ήν
1196 4048 1229 4110 τδ
1260 4047 1301 4130 μὴ
1332 4047 1449 4110 ἀνεῖναι

280 4149 317 4205 δύ
334 4145 453 4212 τούτοις
476 4147 530 4206 τοῦ
555 4143 676 4226 ἀγαθοῦ
698 4144 752 4226 τὴν
775 4145 956 4210 ἀπόλαυσιν.
1010 4144 1070 4229 οὐχ
1097 4143 1206 4226 ἕστηκε
1234 4142 1291 4227 γάρ
1314 4147 1368 4206 τοῦ
1393 4166 1448 4227 μα·

332 4242 435 4310 νέντος
463 4240 609 4325 θλόγος·
646 4242 674 4304 εί
701 4242 759 4328 γὰρ
782 4241 847 4307 κατ’
870 4244 1014 4328 ἀλλήλων
1045 4240 1222 4324 ἐμαίνοντο,
1252 4241 1302 4304 καὶ
1329 4239 1393 4304 ἔδει
1413 4263 1449 4324 γε

334 4339 447 4410 αύτοδς
465 4342 643 4404 καταλιπεῖν
667 4339 719 4403 ὑπ’
745 4340 891 4425 ἀλλήλων
916 4339 1112 4425 φθείρεσθαι·
1139 4337 1167 4400 εί
1191 4337 1226 4401 δέ
1250 4337 1448 4423 ἐπεθύμησαν

333 4445 376 4510 ῶς
398 4441 515 4504 ἀστεῖοι
537 4443 592 4502 τοῦ
617 4437 735 4525 φωτός,
760 4439 811 4501 καὶ
837 4442 993 4523 προσῆκον
1014 4436 1050 4521 ήν
1073 4434 1178 4505 αὐτοῖς
1200 4435 1360 4521 ἐπιτρέψαι
1381 4434 1447 4498 τού-

332 4561 386 4603 του
410 4539 464 4622 τλγν
493 4538 663 4602 ἀπόλαυσιν
689 4535 812 4618 (ἀστεία
833 4535 892 4620 γὰρ
922 4535 972 4598 καὶ
999 4533 1141 4617 ἐπαινετὴ
1164 4532 1354 4620 κατὰφύσιν
1377 4534 1448 4596 πάν-
