3517 5434
395 696 447 738 m
782 680 903 736 Praelatio
922 647 1049 738 Florentio.

391 847 519 925 ceptum
541 843 602 918 est,
624 855 664 899 ac
685 836 821 921 proinde
841 839 876 902 in
891 840 1063 928 Aegiptios
1085 841 1251 928 imperium
1268 849 1442 919 obtinuisse

390 955 533 1015 constat:
563 955 596 1012 et
617 945 705 1032 apud
728 969 783 1013 eos
804 949 969 1016 literarum
991 975 1047 1018 seu
1069 955 1248 1040 scripturae
1268 961 1443 1046 primordia

357 1063 361 1070 '
391 1059 592 1146 comperisse.
618 1059 829 1142 *antiquarum
852 1069 959 1127 autam
981 1086 1088 1130 rerum
1109 1077 1314 1154 scrutatores,
1335 1074 1442 1159 plures

391 1172 539 1256 inquiunt
559 1168 657 1234 fuisse
679 1169 878 1255 Mercurios,
900 1195 961 1240 nec
983 1176 1055 1260 quis
1076 1177 1190 1244 horum
1213 1179 1442 1271 Trismegistus

389 1283 487 1348 fixerit
515 1281 593 1347 satis
621 1288 757 1345 constat.
808 1282 894 1348 hunc
923 1293 1031 1352 tamen
1060 1312 1079 1353 a
1109 1286 1210 1356 Oo'elo
1239 1301 1272 1357 et
1300 1292 1440 1361 Saturno

389 1393 594 1481 progenitum
614 1391 746 1477 propria
766 1401 926 1460 testantur
948 1400 1084 1484 scripta,
1098 1415 1146 1465 *ac
1168 1403 1331 1490 Aegiptiis
1356 1401 1441 1471 Θώθ

389 1511 626 1589 nuncupatum,
653 1501 741 1586 qnod
761 1527 878 1570 nomen
899 1507 965 1572 filio
987 1509 1053 1574 'let
1074 1533 1226 1597 graecum
1247 1523 1341 1599 pater
1362 1517 1440 1581 scri-

388 1615 483 1699 bens,
506 1615 670 1680 invariatis
691 1615 872 1701 praecipuis
900 1617 1002 1686 literis
1029 1623 1229 1687 transtulisse
1255 1634 1361 1710 patet,
1390 1629 1440 1692 sui

388 1727 525 1790 nominis
539 1726 766 1792 monimentum
786 1729 925 1812 posteris
946 1730 1121 1814 inculcans,
1143 1755 1252 1798 reram
1268 1733 1439 1804 dictionem

386 1856 535 1924 graecam
568 1835 698 1922 Ἑρμῆν,
727 1859 808 1921 quae
837 1837 1037 1906 Mercurium
1065 1842 1194 1910 Latinis
1222 1855 1331 1928 sonat,
1363 1849 1441 1914 data

387 1966 485 2032 opera
505 1948 718 2033 praeteriens,
746 1971 787 2013 ne
816 1949 857 2014 ab
880 1973 918 2015 eo
940 1951 1125 2019 inchoatum
1154 1978 1270 2022 nomen
1292 1980 1312 2021 a
1332 1948 1440 2024 futura

385 2059 539 2147 progenie
562 2058 729 2124 deleretur.
764 2059 851 2144 quod
872 2083 938 2126 non
960 2085 1074 2148 parum
1095 2065 1219 2130 indicat
1240 2066 1439 2136 Mercurium

387 2172 436 2235 sui
469 2171 571 2254 ipsius
599 2190 750 2256 graecum
782 2172 881 2237 fuisse
909 2172 1124 2258 interpretem.
1183 2177 1264 2241 alius
1301 2201 1439 2263 namque

388 2277 534 2344 Graecus
561 2279 717 2346 Mercurii
743 2305 853 2347 veram
882 2281 1172 2348 denominationem
1196 2282 1314 2370 Ἑρμῆν
1344 2309 1438 2376 aegre

386 2391 512 2457 silentio
540 2393 821 2477 praetermisisset,
850 2403 888 2459 nt
915 2394 982 2458 filio
1003 2393 1069 2458 Tot
1095 2394 1197 2479 patris
1226 2396 1438 2482 aegiptiacam

278 2589 288 2599 κ
386 2523 499 2568 vocem
524 2497 610 2568 ote
637 2505 811 2588 conferret,
840 2528 923 2590 quae
952 2505 1081 2589 quidem
1109 2504 1150 2569 eb
1179 2505 1251 2588 ipso
1272 2505 1437 2575 Mercurio

386 2635 513 2678 sumens
541 2615 697 2701 originem
718 2617 752 2680 in
773 2617 898 2681 futuras
926 2614 1095 2700 progenies
1116 2611 1313 2699 graderetur.
1358 2641 1437 2703 quo·

386 2725 473 2789 circa
494 2747 559 2790 non
580 2733 701 2791 temere
722 2727 756 2790 in
777 2734 869 2790 tanto
890 2721 1096 2788 scribentium
1117 2727 1335 2792 controversia
1347 2727 1437 2795 Mer·
1522 2747 1524 2754 '

385 2836 491 2900 curius
513 2835 567 2901 hic
588 2835 818 2923 Trismegistus
840 2833 974 2898 aliorum
996 2831 1230 2901 Mercuriorum
1252 2840 1437 2926 progenitor

386 2954 442 3011 ant
463 2946 577 3012 saltem
598 2944 758 3013 secundus
779 2946 878 3010 finisse
899 2942 1071 3028 videretur,
1095 2966 1168 3011 oum
1189 2947 1218 3012 is
1239 2947 1309 3034 ipse
1330 2972 1395 3016 non
1418 2973 1438 3016 a

385 3056 568 3140 Mercurio,
596 3058 655 3123 sed
676 3081 696 3122 a
718 3055 818 3122 Coelo
842 3063 875 3120 et
898 3052 1037 3122 Saturno
1060 3077 1095 3122 se
1117 3058 1261 3144 genitum
1287 3060 1436 3126 fateatur.

384 3191 459 3233 nam
481 3167 544 3233 hac
565 3168 636 3254 lege
658 3167 759 3232 satius
780 3165 828 3230 illi
849 3176 1073 3253 congruerent,
1096 3189 1177 3250 quae
1199 3167 1240 3232 de
1255 3177 1346 3236 tanto
1362 3193 1438 3236 con·

383 3286 591 3344 numerantur
612 3277 750 3340 homine.
787 3277 952 3342 literarum
968 3278 1053 3340 enim
1067 3285 1179 3342 auctor
1201 3299 1271 3342 esse
1293 3301 1357 3344 non
1379 3302 1438 3363 po·

385 3395 485 3468 terat,
509 3385 584 3469 quin
607 3385 712 3451 Mosis
732 3396 879 3472 tempora
900 3384 1116 3473 praecederet.
1161 3384 1278 3450 Mosen
1301 3409 1438 3472 namque

386 3521 406 3563 a
427 3495 593 3562 cunabulis
620 3496 707 3561 omni
727 3498 956 3584 Aegiptiorum
984 3495 1132 3562 doctrina
1159 3495 1323 3580 scriptura
1346 3519 1437 3564 sacra

385 3617 521 3675 testatur
541 3608 710 3691 imbutum,
733 3607 821 3694 quod
842 3607 963 3692 absque
977 3607 1078 3672 literis
1098 3606 1195 3672 fuisse
1218 3605 1347 3674 difficile
1369 3631 1437 3675 ore-

385 3720 490 3801 ditur,
511 3743 570 3784 nec
593 3721 723 3805 insuper
745 3719 972 3805 Aegiptiorum
994 3717 1162 3802 imperium
1189 3721 1341 3804 consequi
1361 3730 1436 3806 post

383 3827 579 3912 Pharaones,
602 3853 640 3895 ac
663 3830 726 3895 alia
746 3831 899 3916 pleraque
920 3829 1065 3910 nomine,
1088 3827 1202 3911 quibus
1224 3831 1279 3914 qui
1301 3830 1342 3898 de
1364 3832 1435 3916 ipso

384 3949 515 4005 narrant
538 3941 599 4006 sibi
622 3941 882 4029 congrediuntur.
928 3947 1094 4025 praeterea
1116 3960 1187 4004 cum
1209 3948 1283 4006 onte
1305 3949 1435 4025 etpost

384 4049 502 4115 Mosen
524 4052 578 4115 elii
599 4054 762 4140 Aegiptiis
782 4055 978 4137 imperantes
999 4049 1140 4116 historiis
1162 4049 1337 4116 enumerati
1359 4049 1433 4132 sint,

386 4161 631 4249 Trismegistum
653 4173 747 4230 antea
774 4186 910 4250 regnum
938 4162 1077 4228 tenuisse
1099 4161 1313 4228 necessarium
1335 4182 1433 4246 appa-

384 4281 478 4338 reret.
529 4296 593 4338 non
627 4274 712 4340 enim
746 4275 826 4340 alias
857 4282 942 4340 esset
968 4272 1149 4340 Mercurius
1182 4269 1313 4338 Saturni
1340 4271 1434 4353 filius,

385 4384 510 4468 qualem
533 4406 567 4449 se
585 4387 625 4454 10
642 4408 711 4471 cap.
727 4386 912 4471 profitetur:
935 4407 1009 4449 nam
1025 4381 1138 4446 floruit
1153 4379 1312 4448 Saturnus
1328 4381 1435 4467 Sarug
