3517 5434
840 665 898 724 101
1316 669 1426 746 Γρηγόρ.

311 829 368 914 γὰρ
391 827 518 898 Παῦλος
537 830 593 894 &a
616 830 672 913 μέν
695 829 745 894 ἐπὶ
767 834 821 914 τῆς
841 827 990 912 θεότητος
1011 828 1061 892 τὸν
1084 824 1202 911 πατέρα
1225 827 1295 912 βοᾷ,
1317 825 1371 890 ένα
1393 826 1427 890 δέ

313 927 363 991 ἐπὶ
383 932 437 1011 τῖγς
457 925 636 1011 κυριότητος
656 929 708 992 τὸν
731 929 796 992 υίὸν
818 927 902 1009 λέγει
926 927 989 1003 ,,εῖς
1012 925 1084 992 θεὸς
1107 925 1123 988 6
1144 925 1256 1008 πατήρ,
1281 923 1311 993 ἐξ
1334 921 1370 986 οῦ
1391 922 1428 986 τὰ

311 1025 410 1088 πάντα
435 1024 486 1088 καί
513 1025 604 1108 ἡμεῖς
632 1024 676 1094 είς
700 1024 804 1102 αὐτόν,
830 1025 882 1088 καὶ
904 1023 947 1092 είς
957 1023 1072 1106 ,κύριος
1087 1019 1207 1106 Ἰησοῦς
1228 1019 1361 1107 χριστός,
1385 1020 1424 1082 δι’

313 1119 350 1186 οῦ
370 1120 408 1185 τό
429 1123 528 1186 πάντα
549 1122 601 1186 καὶ
621 1123 711 1205 ἡμεῖς
730 1121 770 1184 δι’
791 1122 922 1207 αύτοῦ“·
946 1123 1108 1204 τοιγαροῦν
1131 1120 1185 1200 [εἰ]
1207 1119 1249 1186 εἷς
1269 1118 1323 1201 μὲν
1343 1116 1427 1195 θεός,

311 1219 416 1304 κύριος
438 1220 473 1282 66
495 1220 548 1296 είς,
571 1219 602 1282 ἓν
627 1220 663 1282 δὲ
683 1217 852 1302 πρόσωπον
877 1219 947 1282 καθ’
974 1219 989 1282 6
1013 1215 1126 1300 θεότης
1148 1221 1216 1302 μιᾶς
1237 1212 1461 1299 κυριότητος,5

312 1317 454 1386 καὶπῶς
480 1318 655 1382 πιστεύεται
684 1317 718 1380 τό
749 1317 801 1394 ηέξ
828 1313 885 1379 οῦ“
915 1317 966 1380 καὶ
997 1315 1056 1392 ,,δι’
1083 1313 1138 1378 οῦ“
1170 1317 1212 1382 όις
1231 1312 1428 1397 προείρηταιγ

312 1414 362 1478 καὶ
390 1412 426 1476 ού
450 1414 664 1483 διακόπτοντες
685 1416 774 1499 ἡμεῖς
793 1418 847 1497 τῆς
868 1413 1014 1496 θεότητος
1036 1414 1088 1496 τὴν
1112 1411 1275 1496 κυριότητα
1298 1410 1427 1494 λέγομεν

313 1510 379 1574 οὐδ’
404 1511 680 1597 ἀπαλλοτριοῦντες
698 1511 832 1596 θατέρου
853 1512 995 1595 θάτερον,
1018 1509 1088 1574 ἀλλ’
1110 1511 1208 1576 ούτως
1229 1508 1368 1588 ένοῦντες
1387 1512 1429 1578 όις

314 1604 380 1692 ἔχει
390 1609 424 1672 τὸ
437 1612 564 1692 πρᾶγμα
574 1610 626 1674 καί
637 1611 656 1692 ἡ
668 1609 813 1693 ἀλήθεια,
820 1610 871 1673 καὶ
881 1609 954 1676 θεὸν
965 1609 1019 1693 μὲν
1032 1609 1082 1672 τὸν
1095 1608 1159 1672 υἱὸν
1172 1612 1215 1693 τιγῖ
1225 1607 1428 1689 ίδιύματιτοῦ

311 1707 425 1791 πατρὸς
436 1708 601 1776 καλοῦντες
614 1711 657 1776 ὥς
672 1699 776 1770 εἰκόνα
788 1707 839 1770 καὶ
855 1705 1001 1789 γέννημα,
1020 1703 1123 1789 κύριον
1139 1704 1174 1768 δὲ
1186 1706 1236 1768 τὸν
1249 1703 1368 1788 πατέρα
1384 1709 1429 1788 τιγῖ
1447 1721 1479 1776 ιο

312 1809 365 1868 τοῦ
387 1805 454 1873 ἑνὸς
478 1805 585 1889 κυρίου
608 1804 890 1890 προσαγορεύοντες
910 1801 1038 1886 ὀνόματι
1062 1805 1104 1871 ὡς
1123 1802 1233 1866 τούτου
1256 1801 1354 1886 ἀρχὴν
1378 1803 1429 1866 καὶ

311 1905 488 1988 γεννήτορα.
525 1901 562 1966 τὰ
587 1901 665 1968 αύτόι
688 1902 724 1964 δὲ
746 1902 797 1966 καὶ
817 1902 887 1985 περὶ
907 1905 961 1963 τοῦ
985 1899 1173 1983 πνεύματος,
1205 1899 1333 1984 ἑνότητα
1353 1900 1430 1982 πρὸς

312 2001 363 2062 τόν
384 2001 449 2064 υἱὸν
474 1999 610 2086 ἔχοντος,
631 2000 668 2083 ἣν
685 2002 701 2064 6
716 2000 782 2067 υίὸς
803 2000 879 2081 πρὸς
899 2000 949 2062 τὸν
969 1998 1105 2082 πατέρα·
1129 1999 1208 2062 ὥστε
1230 1995 1428 2080 γνωριζέσθω

313 2097 368 2180 μὲν
392 2099 411 2180 ἡ
436 2097 602 2166 ὑπόστασις
620 2101 675 2160 τοῦ
697 2098 810 2181 πατρὸς
829 2102 869 2179 τῇ
889 2101 944 2160 τοῦ
967 2096 1043 2158 θεοῦ
1067 2096 1274 2180 προσηγορία,
1301 2095 1341 2177 μὴ
1367 2095 1428 2156 δια·

312 2197 474 2280 τετμήσθω
500 2196 535 2258 δὲ
554 2195 665 2278 ταύτης
686 2195 703 2257 6
727 2195 792 2261 υἱὸς
815 2197 857 2262 ὥς
877 2194 921 2256 ὢν
944 2193 978 2256 ἐκ
997 2192 1085 2270 θεοῦ,
1106 2191 1303 2276 γνωριζέσθω
1325 2193 1359 2256 δὲ
1377 2193 1428 2256 καὶ
1448 2209 1480 2264 ιο

312 2294 346 2356 τὸ
375 2292 542 2378 πρόσωπον
572 2296 627 2355 τοῦ
656 2293 724 2354 υἱοῦ
753 2298 793 2376 τῇ
815 2297 870 2355 τοῦ
897 2290 1003 2374 κυρίου
1032 2290 1238 2373 προσηγορία,
1272 2291 1313 2373 μὴ
1337 2313 1429 2375 χωρι·

313 2389 415 2462 ζέσθω
440 2390 476 2452 δὲ
496 2389 608 2473 ταύτης
631 2390 647 2452 6
671 2390 745 2458 θεὸς
764 2390 903 2474 [παιήρ],
928 2387 1032 2472 κύριος
1056 2388 1097 2450 ὢν
1123 2389 1165 2454 όις
1185 2388 1290 2472 κυρίου
1314 2389 1429 2473 πατήρ·

312 2485 382 2552 καθ’
413 2486 498 2573 θτηῖ
522 2488 576 2570 μὲν
602 2488 659 2572 υίιγῖ
683 2489 717 2551 τὸ
742 2486 892 2570 κυριεύειν
918 2485 1014 2562 ἴδιον,
1046 2483 1131 2569 αύτῷ
1156 2483 1431 2572 δεῦημιουργηκότι
1533 2481 1536 2490 ’

313 2583 351 2648 δι’
376 2586 487 2648 ἑαυτοῦ
510 2585 561 2648 καὶ
584 2584 755 2669 κυριεύοντι
775 2590 836 2648 τῶν
859 2582 1159 2668 πεποιημένων,τῷ
1183 2583 1217 2646 δὲ
1239 2585 1329 2668 πατρὶ
1352 2584 1429 2648 ἀνω-

312 2682 408 2766 τέρως
431 2683 568 2768 ῦποίρχον
592 2686 635 2752 ὡς
654 2683 746 2766 πατρὶ
761 2685 815 2743 τοῦ
830 2679 1024 2763 κυριεύοντος
1037 2680 1109 2744 όντι.
1143 2680 1223 2744 ούτω
1240 2680 1277 2762 δὴ
1291 2681 1342 2742 καὶ
1355 2678 1428 2744 θεὸν
1445 2693 1481 2752 υς)

313 2777 385 2868 [θθ]
408 2779 464 2842 ἕνα
487 2780 588 2864 φαμὲν
608 2780 662 2862 την
674 2779 794 2861 τριάδα,
816 2777 885 2839 ἀλλ’
909 2774 969 2860 ούχ
982 2779 1024 2844 όις
1036 2777 1071 2840 ἐκ
1085 2775 1258 2846 συνθέσεως
1270 2782 1360 2861 τριῶν
1375 2777 1430 2841 ἕνα

313 2877 429 2946 εἰδότες
446 2875 555 2961 (μέρος
572 2876 630 2959 γὰρ
648 2876 728 2939 ἅπαν
750 2874 857 2942 ἀτελὲς
874 2875 908 2938 τὸ
927 2871 989 2954 [ἐκ]
1008 2871 1182 2941 συνθέσεως
1200 2873 1430 2960 ὑφιστάμενον),

313 2976 382 3040 ἀλλ’
404 2979 457 3054 ὡς,
480 2975 556 3057 ὅπερ
579 2974 657 3037 ἐστὶν
679 2974 697 3036 6
719 2973 819 3056 πατὴρ
844 2972 980 3056 ἀρχικῶς
1001 2994 1034 3034 τε
1056 2971 1107 3034 καὶ
1122 2976 1313 3056 γεννητικός,
1337 2977 1429 3036 τοῦτο

313 3073 386 3138 ύντα
398 3074 449 3136 τὸν
464 3071 540 3147 υίόν,
564 3069 669 3134 εἰκόνα
689 3072 740 3135 καὶ
759 3069 895 3152 γέννημα
911 3074 964 3132 τοῦ
980 3068 1108 3153 πατρός·
1134 3072 1214 3134 ὥστε
1230 3069 1316 3137 εἴτις
1329 3067 1429 3153 ἔροιτο

313 3170 386 3240 Πῶς
406 3170 450 3240 εἷς
471 3168 561 3244 θεός,
590 3166 674 3252 εἴπερ
700 3168 735 3231 ἐκ
754 3168 831 3230 θεοῦ
856 3167 930 3235 θεὸς
949 3165 1058 3246 [υίός];
1090 3167 1219 3251 ἐροῦμεν
1245 3166 1290 3230 ότι
1311 3173 1355 3254 τιγῖ
1377 3171 1430 3251 τῆς
1446 3179 1481 3236 25

313 3269 412 3353 ἀρχῆς
432 3265 527 3351 λόγῳ,
548 3265 621 3328 καθ’
646 3265 679 3329 θν
703 3267 758 3349 μία
778 3264 859 3348 ἀρχὴ
885 3265 901 3326 6
921 3264 1031 3347 πατήρ.
1066 3265 1117 3328 καὶ
1137 3263 1226 3332 εἴτις
1245 3265 1345 3328 αὐτῶν
1359 3289 1429 3330 πυν-

312 3364 436 3430 θάνοιτο
467 3362 539 3432 Πῶς
568 3363 612 3433 είς
635 3363 758 3448 κύριος,
788 3359 874 3446 εἴπερ
902 3363 1005 3446 κύριος
1033 3361 1049 3424 6
1074 3361 1192 3446 πατήρς
1226 3367 1315 3426 τοῦτο
1340 3364 1429 3428 πάλιν

313 3461 554 3548 ἀποκρινώμεθα
576 3459 657 3527 Καθ’
682 3460 699 3525 6
722 3465 777 3524 τοῦ
798 3461 904 3544 κυρίου
930 3461 991 3524 ἐστὶ
1013 3459 1124 3543 παι-η’ρ.
1160 3459 1211 3522 καί
1232 3457 1335 3524 οὐκέτι
1357 3462 1429 3544 ἡμῖν

313 3561 519 3644 ἀπαντήσεται
539 3560 572 3624 τό
594 3558 710 3644 ἄπορον
732 3561 834 3623 τοῦτο.
867 3559 919 3622 καὶ
938 3559 1028 3622 πόλιν
1047 3555 1100 3620 ἐὰν
1116 3554 1241 3620 εἴπωσιν
1261 3558 1291 3620 οἱ
1308 3557 1431 3642 ἀσεβεῖς

314 3654 386 3724 Πῶς
408 3656 466 3720 οῦκ
484 3655 520 3719 ἂν
543 3654 605 3719 είεν
624 3659 705 3741 τρεῖς
724 3657 793 3720 θεοὶ
814 3658 882 3741 τρία
905 3655 1075 3739 πρόσωπα,
1104 3653 1131 3716 εί
1153 3655 1223 3737 μίαν
1248 3651 1350 3738 ἔχοιεν
1375 3655 1428 3738 τἠν
1447 3669 1482 3724 ao

313 3751 461 3836 θεότητος
480 3753 612 3837 ἐροῦμεν
630 3751 757 3837 Ἐπειδὴ
773 3755 875 3822 όθεὸς
896 3754 976 3838 ἀρχὴ
998 3753 1047 3816 καὶ
1065 3753 1165 3836 πατήρ
1187 3751 1266 3814 ἐστιν
1287 3757 1341 3816 τοῦ
1360 3754 1430 3818 υἱοῦ

313 3851 364 3914 καί
387 3849 476 3920 οὗτος
497 3851 588 3914 είκύν
612 3851 675 3914 ἐστι
701 3851 752 3914 καὶ
774 3849 912 3934 γέννημα
932 3855 986 3914 τοῦ
1009 3851 1124 3933 πατρὸς
1144 3852 1195 3914 καὶ
1216 3849 1273 3914 οῦκ
1295 3850 1432 3935 ἀδελφὸς

314 3947 409 4012 αῦτοῦ
423 3984 461 3996 -
473 3949 525 4012 καὶ
544 3952 668 4032 πνεῦμα
687 3947 836 4017 ὡσαύτως
853 3951 976 4030 πνεῦμα
997 3946 1072 4009 θεοῦ
1094 3947 1184 4022 ἐστιν,
1206 3950 1249 4016 ὡς
1266 3946 1433 4032 γέγραπται

316 4051 457 4130 ηπνεῦμα
479 4047 495 4109 ό
516 4045 620 4116 θεός“.
652 4045 703 4110 καὶ
723 4044 844 4109 ἄνωθεν
868 4045 904 4108 δὲ
927 4044 961 4106 ἐκ
981 4047 1036 4106 τοῦ
1059 4044 1220 4128 προφήτου
1244 4045 1343 4131 Δαβὶδ
1369 4051 1432 4130 ,,τιγῖ

314 4142 398 4228 λόγφ
425 4144 553 4230 κυρίου“
586 4144 761 4227 δεδήλωται
791 4143 881 4221 γτοῦς
907 4139 1058 4226 υῦρανοῦς
1085 4141 1291 4224 ἐστερεῶσθαι
1313 4142 1365 4206 καὶ
1386 4147 1430 4226 τιγῖ
1447 4157 1481 4214 aa

313 4239 463 4324 πνεύματι
483 4245 537 4305 τοῦ
561 4240 711 4325 στόματος
733 4241 829 4306 αύτοῦ
850 4245 950 4306 πᾶσαν
969 4240 1024 4324 ,τὴν
1047 4237 1173 4321 δύναμιν
1198 4238 1330 4302 αύτιῖιν“.
1380 4241 1431 4304 καὶ

208 4418 211 4427 ¹
314 4337 347 4400 έν
368 4338 451 4423 ἀρχῇ
472 4343 526 4422 τῆς
545 4340 748 4422 κοσμοποιίας
768 4339 935 4425 γέγραπται
957 4337 1057 4404 ούτως
1084 4336 1154 4412 „ml
1176 4337 1210 4400 τὸ
1233 4339 1354 4420 πνεῦμα
1376 4341 1431 4400 τοῦ

313 4433 390 4498 θεοῦ
421 4435 591 4521 ἐπεφέρετο
620 4436 725 4501 έποίνω
753 4443 807 4502 τοῦ
836 4437 978 4504 ύδατος“.
1022 4435 1073 4498 καὶ
1097 4432 1222 4503 Παῦλος
1247 4433 1281 4496 δὲ
1303 4435 1430 4519 γράφων

308 4526 480 4616 Ῥωμαίοις
505 4533 597 4618 φησὶν
628 4532 736 4616 ηὑμεῖς
763 4535 799 4598 δέ
827 4533 885 4598 οῦκ
911 4533 980 4596 ἐστὲ
1002 4532 1035 4596 έν
1058 4531 1163 4616 σαρκί,
1194 4532 1266 4596 ἀλλ’
1290 4531 1322 4594 ἐν
1343 4532 1430 4596 πνεύ-
