3517 5434
270 649 380 728 Γρηγη,
802 643 859 703 106

270 808 452 891 γεγενῆσθαι
485 809 562 891 ’πρὸς
595 808 798 872 ἀνακαίνωοιν
831 813 885 892 τῆς
917 806 1163 892 ἀνθρωπότητος.
1220 805 1290 870 οὔτε
1325 807 1382 892 γὰρ

270 904 393 975 άλλαξις
412 904 484 968 ούτε
505 905 697 989 μετακίνησις
716 905 787 971 οὔτε
800 907 1015 990 περικλεισμδς
1027 905 1058 968 ἐν
1073 903 1248 989 [π]νεύματι
1260 905 1382 988 γέγονεν

269 1003 339 1084 περὶ
361 1002 414 1083 τὴν
438 1004 525 1087 ἁγίαν
549 1008 604 1067 τοῦ
624 1003 701 1067 θεοῦ
723 1003 863 1087 δύναμιν,
887 1003 956 1066 ἀλλ’
979 1004 998 1086 ἡ
1022 1001 1098 1085 αύτλγ
1123 1002 1312 1086 διαμένουσα
1332 1004 1384 1066 καὶ

269 1101 303 1163 τδ
326 1105 380 1182 τῆς
403 1103 590 1185 σαρκῶσεως
613 1100 904 1184 ἔργονέπλήρωσεν
929 1101 972 1169 είς
991 1101 1044 1184 τὴν
1069 1105 1123 1164 τοῦ
1147 1099 1264 1184 κόσμου
1287 1124 1382 1183 σωτη-

235 1200 336 1283 [νρίαν
368 1200 420 1262 καὶ
451 1199 528 1262 κατὰ
554 1201 589 1263 τδ
619 1199 810 1282 ἀνθρώπινον
842 1199 892 1261 ἐπὶ
918 1202 974 1281 γῆς
1002 1199 1262 1282 πολιτευσάμενος
1288 1199 1304 1261 ό
1327 1202 1382 1262 τοῦ

268 1297 345 1359 θεοῦ
368 1297 460 1379 λόγος
480 1299 533 1379 τἠν
556 1295 663 1379 θεϊκὴν
685 1296 735 1359 ἐπὶ
753 1297 851 1360 πάντα
868 1295 1039 1378 παρουσίαν
1059 1295 1174 1378 ὁμοίως
1189 1294 1382 1380 διεφύλαξεν,

268 1396 366 1458 πάντα
393 1397 606 1479 πεπληρωκὼς
635 1395 732 1463 ίδίως·
745 1415 778 1456 τε
812 1394 900 1476 σαρκὶ
931 1391 1183 1476 συγκεκραμένος.
1239 1395 1290 1456 καὶ
1322 1398 1382 1457 τῶν

268 1492 338 1574 περὶ
358 1492 457 1576 σάρκα
477 1492 586 1556 παθῶν
605 1491 772 1576 γινομένων
793 1491 846 1574 τὴν
866 1490 1020 1554 ἀπάθειαν
1040 1490 1059 1571 ἡ
1082 1489 1209 1573 δύναμις
1229 1491 1310 1576 εἶχεν
1330 1491 1382 1574 τὴν

270 1587 391 1670 ἑαυτῆς.
432 1589 548 1676 ἀσεβὴς
573 1587 627 1653 οῦν
657 1592 672 1653 ό
700 1590 735 1653 τδ
765 1588 866 1656 πάθος
895 1588 1015 1670 ἀνάγων
1045 1587 1088 1656 εἰς
1110 1588 1162 1671 τἠν
1186 1588 1322 1673 δύναμιν.
1366 1589 1382 1652 ό
1449 1605 1464 1632 ·

219 1701 253 1754 ιο
269 1685 326 1768 γάρ
354 1690 407 1769 τἠς
434 1685 525 1771 δόξης
555 1688 658 1772 κύριος
687 1686 719 1750 ἐν
747 1686 931 1772 ἀνθρωπίνῳ
959 1686 1092 1770 σχήματι
1116 1683 1236 1769 πέφηνε
1258 1685 1311 1769 τὴν
1334 1685 1382 1748 ἀν-

269 1783 425 1867 θρωπίνην
448 1787 624 1870 οἰκονομίαν
648 1785 875 1868 ἀναδεξάμενος
896 1783 945 1846 ἐπὶ
965 1787 1020 1867 γῆς
1040 1784 1091 1846 καὶ
1108 1787 1174 1852 ταῖς
1189 1783 1242 1866 μὲν
1257 1782 1383 1866 πράξεσι

268 1882 319 1944 τδν
345 1881 439 1965 νόμον
467 1884 635 1966 πληρώσας
663 1882 739 1965 ὑπὲρ
769 1882 960 1967 ἀνθρώπων,
991 1886 1054 1948 τοῖς
1079 1881 1115 1942 δὲ
1137 1879 1250 1943 πάθεσι
1270 1879 1307 1942 τά
1327 1902 1382 1942 πα-

268 1978 393 2062 θήματα
422 1979 569 2048 διαλύσας
598 1981 649 2042 καὶ
675 1985 720 2064 τῷ
746 1979 870 2064 θανάτῳ
892 1981 942 2042 τὸν
967 1976 1098 2041 θάνατον
1122 1979 1258 2053 ἀνελών,
1287 1982 1325 2060 τῇ
1348 1977 1383 2040 δὲ

268 2076 432 2140 ἀναστάσει
456 2079 510 2161 τὴν
540 2078 622 2159 ζωὴν
647 2077 821 2144 ἀνατειλας·
855 2075 891 2138 ού
915 2076 1040 2157 καλιὴν
1063 2075 1233 2159 παρουσίαν
1258 2072 1382 2144 ἔνδοξον

218 2187 252 2242 ιο
270 2173 320 2235 ἀπ’
351 2172 485 2258 ούρανοῦ
513 2175 736 2259 προσδοκῶμεν
769 2174 818 2238 ἐπὶ
847 2173 886 2257 τῇ
915 2177 974 2238 τῶν
1002 2171 1083 2236 ὅλων
1113 2176 1181 2255 ζωῇ
1205 2174 1256 2237 καὶ
1277 2173 1383 2257 κρίσει,

268 2270 466 2340 ἀναστάσεως
494 2277 610 2356 νεκρῶν
638 2270 788 2356 ἐσομένης
814 2273 858 2339 εἰς
879 2274 913 2336 τδ
934 2275 1024 2334 πᾶσιν
1044 2269 1294 2354 ἀνταποδοθῆναι
1315 2269 1381 2333 κατ’

268 2367 363 2437 ἀξίαν.
418 2371 517 2434 δεινδν
552 2371 588 2432 δὲ
620 2367 780 2451 μελέτημά
810 2389 889 2434 τινες
919 2367 996 2430 κατὰ
1026 2371 1077 2448 τῆς
1110 2366 1197 2448 ἁγίας
1232 2368 1383 2448 μελετῶσι

266 2466 389 2548 τριάδος
410 2467 440 2528 οί
458 2467 527 2550 τρία
547 2464 701 2549 πρόσωπα
721 2463 778 2527 ούκ
800 2462 878 2526 εἶναι
899 2463 1168 2550 διισχυριζόμενοι,
1193 2464 1297 2546 ὥσπερ
1313 2463 1382 2526 ἀνυ-

266 2560 417 2626 πόστατον
447 2563 621 2644 εἰσάγοντες
648 2561 830 2645 πρόσωπον·
865 2559 905 2623 δι’
932 2561 970 2644 ἧς
999 2559 1217 2645 ἀποφεύγομεν
1246 2562 1296 2624 τὸν
1324 2559 1382 2624 Σα·

216 2675 251 2729 w
270 2657 391 2743 βέλλιον
420 2659 548 2742 λέγοντα
576 2660 626 2722 τδν
654 2658 746 2722 αύτδν
774 2657 910 2743 πατέρα,
942 2659 992 2722 τδν
1021 2657 1112 2722 αὐτὸν
1144 2657 1219 2721 υἱόν.
1263 2657 1383 2742 πατέρα

269 2758 323 2838 μὲν
352 2756 410 2842 γάρ
441 2757 524 2840 λέγει
552 2755 630 2820 εἶναι
657 2758 708 2821 τδν
737 2759 909 2831 λαλοῦντα,
943 2757 1008 2820 υίδν
1033 2757 1068 2818 δὲ
1092 2756 1143 2818 τδν
1168 2754 1259 2840 λόγον
1284 2755 1315 2818 ἐν
1339 2759 1384 2842 τιγῖ

266 2855 356 2938 πατρὶ
386 2854 516 2939 μένοντα
544 2855 595 2918 καὶ
623 2853 701 2918 κατὰ
732 2855 837 2938 καιρδν
869 2858 923 2937 τῆς
955 2855 1154 2938 δημιουργίας
1185 2853 1383 2939 φαινόμενον,

267 2948 372 3014 ἔπειτα
403 2952 479 3036 μετὰ
506 2950 578 3037 [35]
606 2952 659 3035 τὴν
689 2952 830 3015 ἁπάντων
858 2953 1015 3035 πλήρωσιν
1041 2956 1101 3014 τῶν
1128 2951 1315 3036 πραγμάτων
1340 2951 1384 3020 είς
1429 2942 1432 2950 ’

267 3049 339 3112 θεδν
368 3049 586 3134 ἀνατρέχοντα.
632 3051 666 3112 τδ
697 3047 772 3112 αύτδ
796 3049 903 3112 δὲκαὶ
924 3050 993 3133 περὶ
1014 3053 1069 3112 τοῦ
1090 3049 1264 3133 πνεύματος
1289 3047 1382 3132 λέγει.

214 3161 249 3216 νο
266 3147 452 3231 πιστεύομεν
475 3147 532 3232 γὰρ
563 3148 654 3230 ἡμεῖς
684 3146 730 3209 ότι
762 3145 829 3229 τρία
859 3145 1012 3228 πρόσωπα
1046 3147 1143 3231 μία[ν]
1181 3145 1294 3232 έχοντα
1328 3146 1381 3230 τὴν

266 3244 399 3329 θεότητα
426 3247 607 3330 δηλοῦνται,
638 3244 738 3327 πατὴρ
769 3243 820 3305 καὶ
847 3244 913 3310 υίὸς
940 3244 990 3308 καὶ
1017 3232 1101 3326 ἀγιον
1125 3249 1257 3327 πνεῦμα.
1281 3243 1301 3326 ἡ
1324 3241 1381 3326 γὰρ

266 3339 377 3424 θεότης
413 3343 467 3426 μία
505 3346 641 3427 φυσικῶς
679 3340 710 3402 έν
748 3341 847 3425 τριάδι
885 3341 1119 3426 μαρτυρουμένη
1163 3343 1215 3425 τὴν
1255 3338 1383 3422 ἑνότητα
1419 3418 1423 3426 ¹

266 3442 319 3520 τῆς
352 3439 476 3523 φύσεως
508 3439 647 3524 βεβαιοῖ,
683 3439 785 3521 ότιπερ
817 3439 868 3500 καὶ
891 3434 974 3521 ,ἴδιον
1008 3441 1062 3522 μὲν
1093 3440 1207 3523 πατρὸς
1237 3435 1315 3502 κατὰ
1346 3436 1381 3498 τδ

268 3535 331 3613 ,εἷς
356 3536 430 3606 θεδς
455 3538 472 3602 ό
493 3538 626 3620 πατίγρ“,
655 3533 799 3621 πατρῷον
822 3535 857 3598 δὲ
879 3543 923 3622 τῷ
946 3537 1004 3622 υίηῖ
1024 3535 1101 3600 κατὰ
1123 3538 1157 3600 τδ
1188 3535 1280 3614 ,θεδς
1301 3532 1338 3618 ἦν
1363 3534 1380 3597 ό

215 3647 251 3702 ω
268 3633 395 3717 λόγος“·
425 3637 476 3698 καὶ
505 3640 551 3719 τιρ
577 3631 726 3716 πνεύματι
754 3633 789 3696 δὲ
817 3635 915 3716 παρὸν
946 3639 1082 3719 φυσικῶς
1103 3635 1137 3699 τδ
1161 3637 1283 3715 πνεῦμα
1305 3631 1381 3696 θεοῦ

268 3731 415 3817 ὑπάρχειν
442 3730 513 3795 καθ’
545 3732 562 3795 δ
586 3730 670 3813 λέγει
690 3729 814 3800 Παῦλος
838 3733 932 3809 ,ναδς
952 3730 1028 3796 θεοῦ
1051 3731 1119 3794 ἐστε
1138 3733 1188 3794 καὶ
1207 3727 1240 3794 τδ
1260 3733 1382 3814 πνεῦμα
1470 3816 1473 3821 ι

266 3833 320 3890 τοῦ
345 3828 421 3891 θεοῦ
447 3829 527 3894 οἰκεῖ
546 3830 577 3892 ἐν
600 3830 702 3912 ύμῖν“.
740 3829 906 3914 πρόσωπον
934 3829 988 3913 μὲν
1012 3828 1070 3913 γὰρ
1095 3828 1224 3892 ἑκάστου
1248 3828 1281 3892 τδ
1305 3827 1383 3892 εἶναι

267 3924 342 3989 αύτδ
367 3927 419 3988 καὶ
446 3926 616 4010 ὑφεστάναι
642 3928 749 4011 δηλοῖ,
778 3927 889 4011 θεότης
909 3928 944 3990 δὲ
963 3931 1078 4010 πατρὸς
1100 3925 1189 4002 ἴδιον,
1211 3927 1263 3990 καὶ
1287 3924 1382 3990 όπότε

268 4023 322 4106 μία
343 4026 402 4084 τῶν
425 4030 516 4107 τριῶν
534 4024 554 4106 ἡ
574 4023 686 4108 θεότης
706 4024 838 4107 λέγοιτο,
859 4026 913 4108 τὴν
932 4024 1046 4107 πατρὸς
1065 4021 1201 4106 ἰδιότητα
1221 4026 1380 4107 παροῦσαν

215 4135 250 4188 35
268 4122 326 4205 υἱῷ
346 4144 379 4184 τε
401 4122 452 4184 καὶ
473 4121 622 4204 πνεύματι
643 4127 804 4207 μαρτυρεῖ·
827 4125 908 4186 ὥστε
930 4122 957 4185 εἰ
978 4121 1084 4205 μὲνέν
1106 4121 1184 4204 τρισὶ
1204 4121 1383 4204 προσώποις

267 4218 321 4300 μία
350 4219 519 4303 ῥηθήσεται
541 4219 560 4301 ἡ
585 4217 714 4302 θεότης,
745 4221 796 4284 καὶ
815 4221 834 4302 ἡ
858 4219 942 4302 τριάς
965 4220 1196 4305 διαβεβαιοῦται
1215 4218 1267 4282 καὶ
1290 4219 1323 4282 τὸ
1349 4217 1380 4281 ἓν

267 4315 304 4378 ού
325 4315 520 4382 διακόπτεται
539 4318 591 4380 καὶ
608 4318 628 4399 ἡ
651 4317 727 4399 πρδς
743 4318 795 4381 τδν
814 4316 934 4402 πατέρα
954 4316 1066 4400 φυσικὴ
1088 4315 1155 4380 υἱοῦ
1173 4337 1207 4378 τε
1225 4315 1276 4378 καὶ
1294 4314 1381 4378 πνεύ-

268 4435 363 4496 ματος
388 4412 496 4498 ἑνότης
524 4414 736 4498 όμολογεῖται·
773 4414 801 4478 εἰ
827 4414 863 4476 δὲ
891 4414 942 4478 καὶ
969 4410 1136 4498 πρόσωπον
1167 4411 1198 4476 ἓν
1227 4412 1311 4496 λέγει
1339 4433 1382 4482 τις

268 4512 372 4594 ὥσπερ
392 4512 444 4574 καὶ
465 4513 518 4595 τἠν
531 4510 666 4596 θεότητα
680 4510 762 4593 μίαν,
780 4510 837 4576 ούκ
851 4510 930 4576 ἔστιν
947 4516 989 4582 ῶς
1004 4509 1035 4576 δν
1050 4509 1087 4574 τό
1101 4509 1157 4574 δύο
1172 4507 1203 4574 ἐν
1217 4515 1262 4596 τιγῑ
1275 4509 1328 4574 ένί.
1364 4510 1380 4574 ό
