3517 5434
884 649 921 694 Vl

348 795 419 869 101,
444 796 484 856 39
507 793 590 877 λέγει
960 803 1029 877 111,
1053 803 1094 862 38
1115 799 1236 885 γένησιν

349 892 702 977 105,13σωσοήσεται
959 902 1071 976 115,2
1117 899 1322 983 διαφημῶσιν.
1360 923 1439 965 corr.

444 993 482 1051 13
504 991 642 1074 κτίσματι
1114 1000 1296 1061 Muratorius

440 1091 481 1150 31
504 1091 556 1171 τῆς
575 1089 635 1152 ἀπὸ
657 1094 712 1153 τοῦ
1054 1097 1092 1157 11
1113 1099 1169 1178 γῆς
1191 1094 1331 1180 λέγωμεν
1352 1097 1403 1159 καὶ

347 1189 459 1263 107,4
504 1186 559 1268 [εἰ]
581 1193 701 1269 suppel.
724 1194 786 1252 Mai
957 1197 1069 1271 ll6‚8
1114 1193 1274 1264 δοξάζεται

441 1288 481 1347 20
505 1286 650 1372 ὑπάρχων
956 1294 1068 1368 117,5
1115 1313 1147 1375 φ.
1179 1291 1233 1361 τὰς
1264 1293 1391 1378 ἀληθεῖς
1425 1292 1465 1360 ἃς

438 1387 487 1445 21.
509 1388 547 1447 22
573 1385 627 1448 ἕνα
644 1384 762 1455 δόντες·
787 1385 880 1470 μέρος
1114 1389 1171 1452 ὑπὸ

405 1525 408 1534 -
438 1486 477 1544 23
501 1487 608 1546 τοῦτον
1049 1491 1089 1550 29
1112 1485 1275 1570 γενόμενον
1299 1491 1396 1550 suasit

344 1581 413 1654 108,
438 1582 477 1640 28
501 1578 583 1642 οἶδεν
1112 1586 1262 1649 Constant

344 1679 413 1753 109,
439 1679 478 1738 30
500 1683 741 1760 προσκυνοῦντες
1047 1689 1086 1747 34
1111 1683 1205 1752 ὅντως

343 1779 412 1851 110,
436 1780 476 1837 38
500 1774 718 1860 ἀναληφθέντα
954 1784 1024 1858 118,
1051 1786 1084 1843 11
1110 1787 1149 1865 τῇ
1170 1805 1247 1844 corr.
1268 1783 1418 1845 Constant

342 1878 412 1949 111,
436 1878 463 1938 3.
488 1877 506 1934 l
530 1874 577 1956 ἀγ.
602 1873 744 1957 μένοντος
765 1881 818 1939 τοῦ
954 1883 1023 1957 120,
1048 1884 1087 1944 30
1111 1879 1167 1964 γὰρ
1186 1883 1202 1944 ὁ
1218 1879 1308 1963 λόγος
1331 1881 1458 1962 ἁγιάζει.

435 1976 455 2033 8
501 1994 566 2056 σαρ.
590 1973 706 2056 κινήσει
949 1981 980 2038 in
1007 1983 1111 2040 codice
1135 1983 1350 2058 hamburgensi
1377 2003 1456 2042 sem-

435 2073 475 2132 30
497 2072 559 2132 τελ.
586 2072 627 2133 ὢν
650 2073 683 2134 τὸ
707 2071 873 2156 πρὸσωπσν
934 2100 1004 2157 per
1031 2079 1106 2156 δᾱδ,
1137 2082 1179 2139 ita
1203 2089 1235 2138 nt
1259 2081 1289 2138 in
1313 2081 1456 2157 ambiguo

434 2173 473 2231 33
498 2161 643 2249 []suppl.
662 2175 725 2232 Mai
948 2179 1084 2236 relictum
1112 2180 1152 2238 sit
1174 2188 1272 2236 utrum
1296 2175 1392 2236 Δαυὶδ
1415 2197 1454 2236 an

341 2271 409 2344 112,
437 2271 473 2329 10
497 2269 735 2350 ἀναγινώσκεται
948 2273 1045 2358 Δαβὶδ
1079 2278 1222 2354 scriptum
1255 2275 1385 2335 voluerit
1416 2276 1453 2331 li-

341 2369 411 2443 113,
435 2370 475 2427 27
500 2365 650 2450 σώχθησα
947 2375 1075 2432 buarius

422 2476 563 2544 superest
588 2476 622 2525 ut
648 2469 686 2526 de
712 2469 818 2544 paucis
851 2471 1031 2546 quibusdam
1054 2471 1093 2529 ad
1115 2471 1362 2550 orthographiam
1383 2489 1451 2548 per-

334 2567 499 2626 tinentibus
523 2569 631 2625 dicam.
668 2587 703 2625 ac
720 2569 849 2645 primum
869 2570 1000 2646 quidem,
1024 2569 1137 2630 Suidac
1158 2564 1312 2633 Μάνεντας
1327 2570 1452 2628 formari

334 2666 505 2742 perhibenti
526 2666 569 2723 ita
588 2686 650 2726 non
670 2668 771 2741 credo,
797 2676 830 2726 ut
851 2687 971 2745 semper
994 2664 1140 2748 μανέντας
1158 2667 1312 2726 ediderim.
1350 2659 1450 2728 Manis

333 2784 445 2822 nomen
467 2764 613 2825 habemns
627 2785 646 2822 a
658 2768 810 2826 veteribus
831 2767 1016 2844 explicatum
1039 2765 1191 2844 (Lagarde
1210 2766 1357 2843 reliquiae
1376 2768 1450 2825 iuris

333 2862 441 2921 eccles.
465 2882 564 2941 graec.
588 2884 619 2941 p.
641 2866 692 2924 83.
729 2865 766 2924 cf.
791 2867 881 2925 etiam
907 2887 961 2924 zur
982 2865 1192 2943 urgeschichte
1217 2865 1271 2922 der
1292 2865 1451 2924 Armenier

331 2980 362 3037 p.
383 2963 435 3037 21,
458 2963 545 3040 625),
566 2983 585 3021 a
605 2983 665 3041 quo
688 2966 846 3042 genetivus
862 2959 1017 3029 Μάνεντσς
1036 2964 1120 3022 nullo
1140 2963 1231 3021 modo
1251 2963 1318 3021 duci
1337 2971 1448 3040 potest.

417 3060 525 3119 deinde
543 3060 639 3142 πάντη
662 3060 723 3121 ἰδία
745 3065 829 3142 κοινῆ
853 3072 884 3120 ε1
906 3083 983 3140 quae
1005 3063 1052 3121 his
1073 3062 1186 3121 similia
1206 3071 1275 3122 sunt
1294 3063 1358 3121 iota
1378 3062 1447 3120 sub-

332 3160 445 3235 scripto
458 3179 560 3218 carere
572 3159 666 3233 volni,
688 3161 770 3237 quod
789 3161 821 3218 in
838 3163 994 3223 codicibus
1016 3162 1134 3241 graecis
1156 3161 1340 3238 adscriptum
1359 3178 1447 3218 nemo

330 3256 421 3330 vidit,
452 3258 512 3317 nisi
540 3260 568 3318 si
596 3260 648 3335 qni
675 3260 754 3318 forte
783 3262 907 3322 saeculo
932 3271 1021 3322 sexto
1046 3262 1163 3320 decimo
1186 3258 1304 3318 exarati
1327 3278 1346 3315 a
1367 3276 1447 3315 com·

330 3356 413 3411 mnni
440 3364 576 3413 veterum
602 3358 747 3416 librorum
776 3359 895 3418 ratione
918 3367 1118 3420 recesserunt.
1166 3359 1197 3415 hi
1222 3360 1300 3417 enim
1324 3357 1447 3415 ablativi

331 3459 417 3523 sunt,
447 3471 503 3528 pro
526 3451 641 3533 πάντητ
663 3452 741 3512 ibium
763 3458 866 3535 κοινῇτ
888 3457 975 3531 dicti,
999 3477 1014 3515 τ
1037 3458 1169 3530 omisso,
1195 3458 1276 3534 quod
1297 3455 1446 3515 sermonis

330 3549 431 3627 graeci
454 3551 642 3610 consuetudo
663 3551 790 3627 requirit
810 3554 894 3611 utin
914 3556 974 3614 fine
993 3555 1210 3614 vocabulorum
1234 3556 1387 3615 abiciatur.

413 3658 570 3726 postremo
600 3669 764 3727 numquam
788 3646 823 3731 pp
849 3651 975 3727 admisi,
1006 3654 1088 3731 quod
1114 3673 1166 3712 cnr
1188 3673 1207 3711 a
1227 3652 1445 3712 recentioribus

330 3747 496 3805 editoribus
510 3747 585 3824 poni
597 3768 659 3806 non
675 3749 783 3823 soleat,
803 3769 894 3827 quum
912 3753 1096 3830 explicatum
1111 3773 1173 3811 non
1186 3752 1322 3824 viderim,
1339 3749 1445 3827 paucis

329 3845 402 3902 mihi
423 3846 639 3922 exponendum
661 3866 732 3907 esse
752 3849 899 3926 intelligo.
946 3849 967 3906 ii
992 3852 1071 3909 enim
1094 3858 1284 3910 constantem
1309 3849 1444 3906 codicum

327 3961 414 4002 usum
436 3944 557 4020 sequuti
578 3954 662 4006 sunt:
690 3967 789 4026 neque
812 3949 892 4006 enim
914 3948 1008 4006 ullum
1029 3969 1171 4027 umquam
1194 3949 1302 4005 librum
1314 3951 1443 4002 veterem

328 4037 362 4122 pp
393 4041 586 4102 exhibentem
617 4045 719 4104 videre
748 4066 796 4104 me
824 4048 957 4110 memini.
998 4049 1043 4106 rei
1070 4049 1147 4105 ratio
1174 4046 1219 4121 (ni
1241 4041 1346 4117 fallor)
1369 4042 1444 4098 haec

327 4147 381 4201 est.
422 4140 527 4219 lingua
547 4162 657 4221 graeca
678 4165 744 4203 cum
769 4147 923 4204 armenica
944 4146 976 4204 id
996 4146 1088 4202 habet
1110 4160 1279 4213 commune,
1303 4147 1336 4198 ut
1356 4138 1442 4196 initio

325 4240 542 4299 vocabulorum
570 4242 688 4301 literam
718 4245 857 4302 caninam
884 4263 946 4302 non
973 4243 1058 4304 ferat.
1101 4261 1138 4300 oa
1164 4241 1256 4318 igitur
1283 4238 1442 4310 vocabula,

327 4356 405 4413 quae
426 4341 507 4417 apud
529 4341 624 4399 Indos
646 4342 765 4401 literam
784 4343 814 4400 R
832 4344 946 4401 habent
967 4341 1111 4418 primam,
1132 4339 1212 4416 apud
1234 4337 1369 4398 Graecos
1392 4343 1443 4394 aut

324 4439 462 4496 vocalem
488 4438 620 4515 aliquam
650 4441 846 4516 praemittunt
866 4441 962 4516 (velut
980 4441 1103 4498 radbira
1125 4435 1268 4519 ἐρυῦρός)
1290 4443 1342 4494 aut
1360 4436 1389 4493 R
1410 4435 1441 4490 in

324 4532 351 4590 1.
374 4544 490 4594 mutant
510 4537 607 4612 (velut
621 4541 665 4597 ric
680 4539 818 4616 linquere
835 4538 898 4612 λιπ,
919 4559 972 4598 rac
989 4539 1090 4596 lucere
1111 4532 1242 4615 λευκός).
1277 4556 1313 4594 ea
1330 4542 1440 4604 autem,
