3517 5434
317 783 370 833 cap.
388 761 416 813 5.
706 757 892 830 φανερότατός
909 763 986 812 ἔστιν.
1338 756 1373 809 43

319 917 339 982 ὁ
361 916 551 996 τηλικοῦτος
572 913 591 981 ό
613 914 731 1001 μείζων
758 918 820 999 γῆς
846 916 903 980 καὶ
925 908 1100 992 θαλάττης
1122 909 1270 998 ἀνέχεται
1292 910 1371 998 ὑπὲρ

319 1021 438 1092 ἑαυτόν
452 1029 533 1113 ἔχων
547 1027 666 1092 ἑαυτοῦ
679 1029 891 1112 μικροτέρους
904 1020 1105 1100 πολεόοντας
1119 1021 1270 1112 ἀστέρας.
1299 1026 1374 1089 τίνα

286 1134 514 1222 ταίδοάμενος
541 1132 563 1217 ἢ
591 1139 667 1202 τλνα
695 1133 919 1224 φοβούμενος,
949 1125 1126 1217 airizam
1153 1136 1210 1200 καὶ
1238 1140 1374 1210 ἕκαστος

319 1246 445 1315 τούτων
467 1253 533 1314 τῶν
555 1245 702 1332 ἀστέρων
724 1240 845 1313 odada
868 1242 992 1331 όμοιον
1014 1240 1036 1326 ἢ
1057 1244 1131 1313 ἰ’σον
1154 1241 1279 1336 δρόμον
1301 1269 1374 1312 ποι-

320 1363 437 1425 οῦνται
458 1365 493 1424 ἐν
516 1357 647 1444 οὐρανῷ
675 1354 775 1435 ὄντες.
821 1360 872 1432 τίς
894 1355 912 1423 ὁ
936 1353 1063 1442 ἑκάστῳ
1089 1353 1149 1424 τὸν
1171 1353 1375 1442 τρόπονκαὶ

286 1466 358 1540 avt
380 1473 527 1555 μέγεθος
548 1472 610 1535 τοῦ
632 1465 759 1556 δρόμον
779 1467 910 1555 όρλσαςς
939 1463 1058 1557 ἄρκτος
1081 1464 1164 1549 αὐτη
1184 1467 1204 1549 ἡ
1221 1471 1295 1556 περὶ
1318 1465 1377 1532 αὑ·
1399 1472 1421 1536 li

242 1616 245 1623 ¹
320 1581 383 1663 την
406 1587 612 1671 στρεφομένη
635 1583 691 1646 καὶ
718 1576 777 1647 τὸν
798 1576 909 1646 πάντα
930 1575 1056 1664 κόσμον
1079 1584 1375 1671 σομπεριφέροοσα,

322 1697 372 1771 τίς
394 1693 412 1760 ὁ
436 1697 533 1759 τοῦτο
562 1695 756 1777 κεκτημένος
783 1688 822 1755 τό
845 1684 1005 1775 όρμανον;
1033 1693 1082 1766 τίς
1105 1687 1123 1756 ὁ
1147 1693 1185 1779 τῇ
1213 1687 1374 1781 θαλάσσῃ

287 1800 397 1881 9τοὺς
420 1783 517 1890 ὅρους
538 1799 741 1893 περιβαλών,·
769 1804 819 1878 τίς
840 1799 859 1866 ὁ
883 1797 943 1882 τὴν
965 1806 1028 1886 γῆν
1049 1798 1209 1890 ἑδράσαςς

366 1908 455 1979 Ἔστι
466 1910 530 2000 γάρ
542 1937 598 1992 τις,
610 1904 636 1977 ὦ
653 1910 731 1990 Τάτ,
744 1911 762 1977 ὁ
773 1909 898 1978 τούτων
908 1910 1041 1980 πάντων
1051 1909 1188 1994 ποιητὴς
1198 1915 1253 1978 καὶ
1262 1911 1376 1979 ὃεσπό-
1413 1947 1416 1954 ·

323 2050 391 2106 της.
412 2021 579 2090 ἀδύνατον
589 2020 653 2110 γάρ
664 2020 687 2105 ἢ
697 2019 800 2089 τόπον
810 2018 833 2104 ἢ
839 2018 1020 2112 άριθμόνῆ
1029 2028 1150 2111 μέτρον
1158 2025 1376 2114 φυλαχθῆναι

273 2155 307 2208 12
320 2139 421 2224 χωρὶς
442 2138 502 2202 τοῦ
523 2130 731 2215 ποιήσαντος.
765 2139 859 2202 πᾶσα
880 2129 945 2222 γάρ
967 2133 1058 2216 τάξις
1079 2135 1204 2221 άτοπίομ
1225 2137 1282 2200 καὶ
1296 2132 1376 2219 άμε-

324 2251 401 2333 τρίιρ
423 2245 591 2327 ἀποίητος,
613 2244 690 2312 ἀλλ’
707 2245 767 2313 οὐκ
788 2244 971 2324 ἀδέσποτος
993 2247 1067 2314 οὐδὲ
1090 2244 1183 2329 αὕτη,
1205 2238 1231 2311 ὦ
1253 2251 1376 2314 τέκνον.

323 2364 379 2424 καὶ
402 2353 466 2446 γάρ
489 2365 517 2424 at
538 2354 578 2424 τό
600 2353 746 2424 άτακτόν
775 2363 864 2424 ἐστιν
893 2361 1012 2438 ἐνδεές,
1030 2355 1087 2438 ,ὅτι
1109 2357 1150 2425 οὐ
1170 2363 1296 2444 κατέχει
1318 2355 1377 2424 τόν

275 2495 307 2546 15
324 2467 449 2556 τρόπον
471 2473 530 2551 τῆς
550 2469 687 2550 τάξεως,
715 2471 772 2536 καὶ
799 2460 863 2536 ὑπό
887 2468 1050 2550 δεσπότην
1072 2473 1141 2536 ἐστὶ
1163 2471 1221 2535 τὸν
1243 2471 1376 2554 μηδέπω

326 2581 416 2667 αὐτῷ
443 2579 504 2663 τὴν
526 2580 619 2663 τάξιν
640 2579 798 2662 τάξαντα.
844 2579 917 2646 εἴθε
947 2578 1090 2648 δυνατόν
1119 2601 1173 2647 σοι
1202 2572 1245 2660 ἦν
1267 2583 1379 2663 πτηνῷ
1402 2585 1422 2648 5

398 2777 421 2827 l.
440 2773 583 2842 θαλάσσης
601 2778 632 2827 Δ.
695 2776 721 2827 2.
740 2772 927 2834 πολιτεύοντας
945 2773 967 2825 Β
988 2775 1082 2840 Vei-gie.
1100 2776 1180 2839 Fiqss.
1239 2773 1264 2826 3.
1283 2772 1300 2843 ἢ
1317 2778 1378 2827 τίνα

397 2859 560 2931 φοβούμενος
578 2880 629 2911 om.
647 2861 713 2910 Patr.
732 2876 884 2931 errorstyp.
938 2861 963 2912 6.
985 2862 1009 2913 7.
1028 2863 1087 2930 περὶ
1105 2861 1244 2929 ἱαιιτὴνΒ.
1299 2860 1324 2912 8.
1344 2859 1377 2930 τῇ
1418 2919 1424 2932 .

398 2967 448 2998 om.
466 2947 532 2999 Patr.
553 2939 566 3011 ΙΙ
613 2943 660 3011 τῆς
680 2944 821 3009 θαλάσσης
841 2945 871 2994 Α.
953 2945 1075 2995 14-16.
1094 2948 1139 2996 καὶ
1155 2945 1380 3016 μὰρ-τάξοιντα

398 3032 468 3082 uncis
486 3031 578 3082 includ.
598 3031 664 3080 Patr.
720 3027 761 3078 14.
781 3025 823 3081 ὅτι
841 3024 884 3094 οὗ]
904 3027 938 3079 sio
957 3028 987 3090 B,
1006 3025 1050 3080 ὅτε
1069 3029 1168 3097 reliqui.
1187 3026 1201 3096 Η
1239 3044 1296 3097 post
1313 3052 1379 3082 κατ-

397 3121 448 3184 έχει
460 3121 483 3167 Α
496 3131 520 3168 et
538 3117 593 3168 edd.
613 3117 671 3166 add.
689 3113 771 3168 τοῦτό
790 3118 852 3167 ἔστι.
893 3115 932 3166 15.
946 3127 1002 3183 post
1021 3112 1072 3166 ὑπὸ
1091 3118 1113 3166 Α
1131 3129 1155 3166 et
1172 3117 1228 3169 edd.
1247 3118 1304 3171 add.
1324 3117 1378 3170 τόν.

400 3203 440 3256 16.
458 3198 542 3272 adad]
560 3197 629 3276 οὔτῇ
647 3201 712 3253 Patr.

327 3374 410 3429 testes
433 3373 472 3428 dii
498 3381 632 3449 tamquam
655 3373 712 3446 regi
733 3380 761 3425 et
783 3369 919 3445 dynastae.
962 3381 989 3426 et
1011 3373 1035 3426 is
1058 3381 1148 3427 tantus
1170 3381 1241 3427 terra
1265 3381 1292 3427 et
1315 3375 1381 3428 mari

327 3460 411 3514 maior
428 3461 545 3515 sustinet
562 3479 643 3537 supra
661 3477 692 3514 se
703 3457 803 3512 babere
815 3476 845 3512 se
862 3459 923 3532 ipso
937 3459 1053 3512 minores
1070 3457 1164 3514 stellas
1177 3460 1380 3514 circumeuntes.

327 3567 466 3621 quemnam
485 3563 616 3600 venerans
635 3554 680 3599 aut
699 3563 777 3620 quem
796 3546 902 3610 timens,
922 3564 937 3597 ο
955 3543 1012 3599 fili?
1029 3543 1133 3618 singula
1145 3546 1214 3599 enim
1228 3543 1295 3599 haee
1311 3555 1381 3599 astra

328 3652 383 3686 non
406 3630 520 3686 similem
543 3641 589 3685 aut
611 3629 747 3705 aequalem
771 3649 878 3684 cursum
901 3629 1002 3685 iaciunt
1024 3632 1052 3684 in
1071 3628 1153 3685 caeio.
1190 3633 1251 3705 quis
1274 3633 1381 3706 estqui

329 3719 426 3791 cuique
443 3716 551 3771 modum
570 3726 598 3770 et
615 3714 821 3790 magnitudinem
843 3733 939 3770 cursus
963 3717 1103 3770 terminat?
1131 3735 1191 3771 ursa
1211 3715 1289 3783 haec,
1313 3737 1381 3792 quae

329 3805 400 3856 eirea
419 3821 449 3855 se
465 3801 583 3856 volvitur
600 3810 628 3856 et
645 3803 799 3856 universum
816 3799 943 3856 mundum
962 3821 1052 3856 secum
1071 3801 1236 3870 circumfert,
1261 3804 1321 3880 quis
1340 3813 1382 3860 est

330 3889 376 3963 qui
388 3886 441 3942 boo
453 3884 593 3941 fabricarit
605 3887 828 3941 instrumentum?
846 3889 907 3961 quis
925 3897 968 3941 est
986 3890 1031 3964 qui
1050 3891 1116 3944 mari
1131 3891 1259 3945 terminos
1273 3892 1381 3944 circum·

328 3975 439 4051 posuit?
458 3975 519 4048 quis
538 3982 588 4040 est,
606 3974 653 4048 qui
671 3981 769 4027 terram
787 3971 935 4027 stabilivit?

381 4060 433 4116 Est
450 4062 520 4114 enim
539 4057 645 4134 aliquis,
665 4077 680 4114 o
699 4058 759 4125 Tat‚
778 4061 825 4134 qui
844 4058 938 4114 borum
957 4044 1073 4115 oinnium
1091 4069 1133 4115 est
1151 4059 1236 4117 iactor
1254 4071 1281 4116 et
1299 4060 1382 4116 domi·

330 4167 388 4201 nus.
424 4145 593 4224 impossibiie
615 4147 685 4201 enim
708 4155 751 4200 est
773 4144 816 4201 vel
838 4145 926 4200 iseum
945 4145 988 4199 vel
1011 4165 1148 4201 numerum
1166 4147 1210 4202 vel
1232 4167 1383 4203 mensuram

331 4236 432 4288 servari
450 4234 553 4308 absque
571 4231 679 4288 factore.
711 4235 797 4288 omnis
815 4234 885 4287 enim
904 4230 971 4288 ordo
990 4234 1048 4287 sine
1066 4232 1127 4289 loeo
1146 4244 1174 4289 et
1189 4225 1382 4290 sine'mensura

332 4335 459 4392 nusquam
482 4319 527 4385 fit,
551 4318 600 4373 sed
618 4318 727 4375 domino
746 4339 799 4374 non
819 4329 891 4374 caret
909 4321 981 4396 ipse,
1006 4319 1088 4375 ofili.
1125 4338 1185 4376 unm
1203 4319 1383 4373 inordinatum

332 4403 355 4454 si
375 4401 493 4476 indigum
511 4413 553 4458 est
571 4425 613 4473 eo,
631 4404 704 4479 quod
723 4405 829 4461 modum
847 4406 951 4460 ordinis
970 4425 1024 4460 nou
1043 4415 1139 4469 servet,
1159 4414 1186 4458 et
1203 4403 1254 4458 sub
1273 4403 1382 4458 domiuo

332 4497 387 4553 est,
412 4489 459 4563 qui
476 4487 594 4544 nondum
612 4491 666 4568 ipsi
684 4489 805 4545 ordinem
823 4491 963 4546 ordinavit.
998 4492 1097 4546 utinam
1116 4488 1164 4542 tibi
1184 4487 1223 4542 fas
1241 4498 1315 4543 esset
1332 4487 1382 4544 aiis
