<?xml version="1.0" encoding="UTF-8"?>
<!DOCTYPE html PUBLIC "-//W3C//DTD XHTML 1.0 Transitional//EN"
    "http://www.w3.org/TR/xhtml1/DTD/xhtml1-transitional.dtd">
<html xmlns="http://www.w3.org/1999/xhtml" xml:lang="en" lang="en">
 <head>
  <title>
</title>
<meta http-equiv="Content-Type" content="text/html;charset=utf-8" />
  <meta name='ocr-system' content='tesseract 3.04.00' />
  <meta name='ocr-capabilities' content='ocr_page ocr_carea ocr_par ocr_line ocrx_word'/>
</head>
<body>
  <div class='ocr_page' id='page_1' title='image "./poemander00trisgoog_0171.png"; bbox 0 0 3517 5434; ppageno 0'>
   <div class='ocr_carea' id='block_1_1' title="bbox 144 763 151 892">
    <p class='ocr_par' dir='ltr' id='par_1_1' title="bbox 144 763 151 892">
     <span class='ocr_line' id='line_1_1' title="bbox 144 763 151 892; baseline 0 -101"><span class='ocrx_word' id='word_1_1' title='bbox 144 763 151 892; x_wconf 72' lang='grc'>,,</span> 
     </span>
    </p>
   </div>
   <div class='ocr_carea' id='block_1_2' title="bbox 859 672 1455 760">
    <p class='ocr_par' dir='ltr' id='par_1_2' title="bbox 859 672 1455 760">
     <span class='ocr_line' id='line_1_2' title="bbox 859 672 1455 760; baseline 0.002 -17"><span class='ocrx_word' id='word_1_2' title='bbox 859 672 881 734; x_wconf 70' lang='grc' dir='ltr'>δ</span> <span class='ocrx_word' id='word_1_3' title='bbox 1291 690 1316 742; x_wconf 75' lang='grc' dir='ltr'>ε</span> <span class='ocrx_word' id='word_1_4' title='bbox 1335 687 1427 744; x_wconf 80' lang='grc' dir='ltr'>ε-ι.</span> <span class='ocrx_word' id='word_1_5' title='bbox 1453 756 1455 760; x_wconf 39' lang='grc'>,</span> 
     </span>
    </p>
   </div>
   <div class='ocr_carea' id='block_1_3' title="bbox 308 837 1462 1508">
    <p class='ocr_par' dir='ltr' id='par_1_3' title="bbox 308 837 1462 1508">
     <span class='ocr_line' id='line_1_3' title="bbox 312 837 1429 925; baseline -0.001 -20"><span class='ocrx_word' id='word_1_6' title='bbox 312 843 430 906; x_wconf 82' lang='grc' dir='ltr'>ἐκείνου</span> <span class='ocrx_word' id='word_1_7' title='bbox 450 845 505 925; x_wconf 80' lang='grc' dir='ltr'>τῆς</span> <span class='ocrx_word' id='word_1_8' title='bbox 529 841 584 901; x_wconf 89' lang='grc' dir='ltr'>τοῦ</span> <span class='ocrx_word' id='word_1_9' title='bbox 605 837 682 901; x_wconf 87' lang='grc' dir='ltr'>θεοῦ</span> <span class='ocrx_word' id='word_1_10' title='bbox 706 839 906 925; x_wconf 77' lang='grc' dir='ltr'>δημιουργίας</span> <span class='ocrx_word' id='word_1_11' title='bbox 923 841 974 902; x_wconf 92' lang='grc' dir='ltr'>τδν</span> <span class='ocrx_word' id='word_1_12' title='bbox 992 839 1095 922; x_wconf 91' lang='grc' dir='ltr'>λόγον,</span> <span class='ocrx_word' id='word_1_13' title='bbox 1121 840 1157 903; x_wconf 84' lang='grc' dir='ltr'>οὑ</span> <span class='ocrx_word' id='word_1_14' title='bbox 1183 840 1275 925; x_wconf 86' lang='grc' dir='ltr'>μόνον</span> <span class='ocrx_word' id='word_1_15' title='bbox 1297 847 1358 906; x_wconf 86' lang='grc' dir='ltr'>τῶν</span> <span class='ocrx_word' id='word_1_16' title='bbox 1381 843 1429 905; x_wconf 89' lang='grc' dir='ltr'>ἀν-</span> 
     </span>
     <span class='ocr_line' id='line_1_4' title="bbox 309 931 1429 1022; baseline 0 -21"><span class='ocrx_word' id='word_1_17' title='bbox 309 937 445 1022; x_wconf 84' lang='grc' dir='ltr'>θρώπων</span> <span class='ocrx_word' id='word_1_18' title='bbox 467 936 521 1005; x_wconf 84' lang='grc' dir='ltr'>τάς</span> <span class='ocrx_word' id='word_1_19' title='bbox 539 931 738 1020; x_wconf 73' lang='grc' dir='ltr'>παραλόγους</span> <span class='ocrx_word' id='word_1_20' title='bbox 753 935 878 1018; x_wconf 77' lang='grc' dir='ltr'>πράξεις</span> <span class='ocrx_word' id='word_1_21' title='bbox 901 935 1096 1006; x_wconf 73' lang='grc' dir='ltr'><strong>ἐξετάσαντες</strong></span> <span class='ocrx_word' id='word_1_22' title='bbox 1114 939 1165 1002; x_wconf 89' lang='grc' dir='ltr'>τδν</span> <span class='ocrx_word' id='word_1_23' title='bbox 1189 936 1350 1022; x_wconf 80' lang='grc' dir='ltr'>εἰρημένον</span> <span class='ocrx_word' id='word_1_24' title='bbox 1363 935 1429 1022; x_wconf 91' lang='grc' dir='ltr'>τρό-</span> 
     </span>
     <span class='ocr_line' id='line_1_5' title="bbox 308 1031 1428 1119; baseline 0 -21"><span class='ocrx_word' id='word_1_25' title='bbox 308 1057 366 1098; x_wconf 86' lang='grc' dir='ltr'>πον</span> <span class='ocrx_word' id='word_1_26' title='bbox 391 1035 585 1119; x_wconf 79' lang='grc' dir='ltr'>ἐσφάλησαν,</span> <span class='ocrx_word' id='word_1_27' title='bbox 606 1031 687 1095; x_wconf 88' lang='grc' dir='ltr'>ἀλλά</span> <span class='ocrx_word' id='word_1_28' title='bbox 708 1031 759 1094; x_wconf 85' lang='grc' dir='ltr'>καὶ</span> <span class='ocrx_word' id='word_1_29' title='bbox 778 1035 907 1096; x_wconf 88' lang='grc' dir='ltr'>πλεῖστα</span> <span class='ocrx_word' id='word_1_30' title='bbox 920 1037 979 1096; x_wconf 84' lang='grc' dir='ltr'>τῶν</span> <span class='ocrx_word' id='word_1_31' title='bbox 998 1034 1286 1118; x_wconf 85' lang='grc' dir='ltr'>δημιουργημάτων,</span> <span class='ocrx_word' id='word_1_32' title='bbox 1312 1038 1428 1119; x_wconf 86' lang='grc' dir='ltr'>μᾶλλον</span> 
     </span>
     <span class='ocr_line' id='line_1_6' title="bbox 310 1127 1428 1218; baseline -0.002 -22"><span class='ocrx_word' id='word_1_33' title='bbox 310 1133 346 1198; x_wconf 77' lang='grc' dir='ltr'>δὲ</span> <span class='ocrx_word' id='word_1_34' title='bbox 367 1133 478 1218; x_wconf 89' lang='grc' dir='ltr'>σχεδόν</span> <span class='ocrx_word' id='word_1_35' title='bbox 502 1132 633 1210; x_wconf 81' lang='grc' dir='ltr'>ἅπαντα,</span> <span class='ocrx_word' id='word_1_36' title='bbox 660 1127 756 1214; x_wconf 78' lang='grc' dir='ltr'>ψόγον</span> <span class='ocrx_word' id='word_1_37' title='bbox 780 1128 895 1193; x_wconf 86' lang='grc' dir='ltr'>οὑδένα</span> <span class='ocrx_word' id='word_1_38' title='bbox 916 1129 993 1194; x_wconf 82' lang='grc' dir='ltr'>κατὰ</span> <span class='ocrx_word' id='word_1_39' title='bbox 1015 1133 1049 1195; x_wconf 91' lang='grc' dir='ltr'>τδ</span> <span class='ocrx_word' id='word_1_40' title='bbox 1072 1131 1189 1215; x_wconf 85' lang='grc' dir='ltr'>ἀληθὲς</span> <span class='ocrx_word' id='word_1_41' title='bbox 1212 1131 1428 1218; x_wconf 85' lang='grc' dir='ltr'>ἐπιδεχόμενα,</span> 
     </span>
     <span class='ocr_line' id='line_1_7' title="bbox 311 1219 1462 1316; baseline -0.002 -22"><span class='ocrx_word' id='word_1_42' title='bbox 311 1230 466 1316; x_wconf 75' lang='grc' dir='ltr'>διέβαλον,</span> <span class='ocrx_word' id='word_1_43' title='bbox 487 1227 569 1292; x_wconf 82' lang='grc' dir='ltr'>κακὰ</span> <span class='ocrx_word' id='word_1_44' title='bbox 590 1227 626 1290; x_wconf 80' lang='grc' dir='ltr'>δέ</span> <span class='ocrx_word' id='word_1_45' title='bbox 647 1231 743 1289; x_wconf 88' lang='grc' dir='ltr'>ταῦτα</span> <span class='ocrx_word' id='word_1_46' title='bbox 764 1231 945 1310; x_wconf 80' lang='grc' dir='ltr'>προσεῖπον,</span> <span class='ocrx_word' id='word_1_47' title='bbox 971 1232 1031 1291; x_wconf 84' lang='grc' dir='ltr'>τῶν</span> <span class='ocrx_word' id='word_1_48' title='bbox 1056 1229 1111 1312; x_wconf 81' lang='grc' dir='ltr'>μὲν</span> <span class='ocrx_word' id='word_1_49' title='bbox 1134 1233 1240 1312; x_wconf 81' lang='grc' dir='ltr'>κρᾶσιν</span> <span class='ocrx_word' id='word_1_50' title='bbox 1262 1219 1322 1292; x_wconf 83' lang='grc' dir='ltr'>τῶν</span> <span class='ocrx_word' id='word_1_51' title='bbox 1344 1229 1462 1298; x_wconf 75' lang='grc' dir='ltr'>ἀναν-5</span> 
     </span>
     <span class='ocr_line' id='line_1_8' title="bbox 309 1323 1429 1410; baseline 0.001 -20"><span class='ocrx_word' id='word_1_52' title='bbox 309 1328 381 1391; x_wconf 90' lang='grc' dir='ltr'>τίων</span> <span class='ocrx_word' id='word_1_53' title='bbox 403 1328 462 1406; x_wconf 82' lang='grc' dir='ltr'>(ὥς</span> <span class='ocrx_word' id='word_1_54' title='bbox 486 1331 587 1410; x_wconf 91' lang='grc' dir='ltr'>φασι),</span> <span class='ocrx_word' id='word_1_55' title='bbox 610 1327 717 1387; x_wconf 86' lang='grc' dir='ltr'>κακοῦ·</span> <span class='ocrx_word' id='word_1_56' title='bbox 729 1346 762 1386; x_wconf 88' lang='grc' dir='ltr'>τε</span> <span class='ocrx_word' id='word_1_57' title='bbox 781 1325 832 1387; x_wconf 84' lang='grc' dir='ltr'>καὶ</span> <span class='ocrx_word' id='word_1_58' title='bbox 853 1323 986 1407; x_wconf 89' lang='grc' dir='ltr'>ἀγαθοῦ,</span> <span class='ocrx_word' id='word_1_59' title='bbox 1010 1327 1290 1410; x_wconf 82' lang='grc' dir='ltr'>καταψευσάμενοι,</span> <span class='ocrx_word' id='word_1_60' title='bbox 1312 1332 1371 1390; x_wconf 83' lang='grc' dir='ltr'>τῶν</span> <span class='ocrx_word' id='word_1_61' title='bbox 1394 1329 1429 1391; x_wconf 84' lang='grc' dir='ltr'>δὲ</span> 
     </span>
     <span class='ocr_line' id='line_1_9' title="bbox 309 1421 1429 1508; baseline 0.002 -21"><span class='ocrx_word' id='word_1_62' title='bbox 309 1426 456 1508; x_wconf 77' lang='grc' dir='ltr'>μονοειδῆ</span> <span class='ocrx_word' id='word_1_63' title='bbox 485 1423 593 1486; x_wconf 79' lang='grc' dir='ltr'>κακίαν</span> <span class='ocrx_word' id='word_1_64' title='bbox 620 1421 829 1499; x_wconf 86' lang='grc' dir='ltr'>κατειπόντες,</span> <span class='ocrx_word' id='word_1_65' title='bbox 856 1423 908 1485; x_wconf 79' lang='grc' dir='ltr'>καὶ</span> <span class='ocrx_word' id='word_1_66' title='bbox 936 1421 1085 1507; x_wconf 78' lang='grc' dir='ltr'>συνέχεον</span> <span class='ocrx_word' id='word_1_67' title='bbox 1114 1421 1163 1501; x_wconf 92' lang='grc' dir='ltr'>(τό</span> <span class='ocrx_word' id='word_1_68' title='bbox 1183 1446 1218 1506; x_wconf 95' lang='grc' dir='ltr'>γε</span> <span class='ocrx_word' id='word_1_69' title='bbox 1241 1423 1288 1487; x_wconf 89' lang='grc' dir='ltr'>ἐπ’</span> <span class='ocrx_word' id='word_1_70' title='bbox 1312 1425 1429 1506; x_wconf 80' lang='grc' dir='ltr'>αὐτοῖς)</span> 
     </span>
    </p>
   </div>
   <div class='ocr_carea' id='block_1_4' title="bbox 247 1517 1428 1607">
    <p class='ocr_par' dir='ltr' id='par_1_4' title="bbox 247 1517 1428 1607">
     <span class='ocr_line' id='line_1_10' title="bbox 247 1517 1428 1607; baseline 0.001 -23"><span class='ocrx_word' id='word_1_71' title='bbox 247 1551 252 1559; x_wconf 93' lang='grc'><em>·</em></span> <span class='ocrx_word' id='word_1_72' title='bbox 308 1521 347 1584; x_wconf 81' lang='grc' dir='ltr'>τὰ</span> <span class='ocrx_word' id='word_1_73' title='bbox 365 1521 480 1599; x_wconf 92' lang='grc' dir='ltr'>πάντα,</span> <span class='ocrx_word' id='word_1_74' title='bbox 508 1519 588 1583; x_wconf 89' lang='grc' dir='ltr'>κακά</span> <span class='ocrx_word' id='word_1_75' title='bbox 618 1518 656 1582; x_wconf 85' lang='grc' dir='ltr'>τά</span> <span class='ocrx_word' id='word_1_76' title='bbox 680 1519 832 1603; x_wconf 81' lang='grc' dir='ltr'>μηδαμῶς</span> <span class='ocrx_word' id='word_1_77' title='bbox 861 1519 942 1584; x_wconf 89' lang='grc' dir='ltr'>κακά</span> <span class='ocrx_word' id='word_1_78' title='bbox 963 1517 1190 1604; x_wconf 82' lang='grc' dir='ltr'>προσειπόντες.</span> <span class='ocrx_word' id='word_1_79' title='bbox 1233 1521 1260 1584; x_wconf 87' lang='grc' dir='ltr'>εἰ</span> <span class='ocrx_word' id='word_1_80' title='bbox 1287 1523 1341 1606; x_wconf 80' lang='grc' dir='ltr'>μὲν</span> <span class='ocrx_word' id='word_1_81' title='bbox 1371 1523 1428 1607; x_wconf 85' lang='grc' dir='ltr'>γὰρ</span> 
     </span>
    </p>
   </div>
   <div class='ocr_carea' id='block_1_5' title="bbox 307 1615 1481 2092">
    <p class='ocr_par' dir='ltr' id='par_1_5' title="bbox 307 1615 1481 2092">
     <span class='ocr_line' id='line_1_11' title="bbox 307 1615 1428 1706; baseline 0.003 -27"><span class='ocrx_word' id='word_1_82' title='bbox 307 1618 361 1701; x_wconf 77' lang='grc' dir='ltr'>τήν</span> <span class='ocrx_word' id='word_1_83' title='bbox 384 1617 469 1702; x_wconf 84' lang='grc' dir='ltr'>παρά</span> <span class='ocrx_word' id='word_1_84' title='bbox 503 1617 678 1700; x_wconf 84' lang='grc' dir='ltr'>ἀνθρώποις</span> <span class='ocrx_word' id='word_1_85' title='bbox 708 1617 842 1693; x_wconf 81' lang='grc' dir='ltr'>ἀδικίαν,</span> <span class='ocrx_word' id='word_1_86' title='bbox 871 1616 967 1701; x_wconf 86' lang='grc' dir='ltr'>μόνην</span> <span class='ocrx_word' id='word_1_87' title='bbox 1000 1615 1095 1680; x_wconf 88' lang='grc' dir='ltr'>οόσαν</span> <span class='ocrx_word' id='word_1_88' title='bbox 1122 1619 1257 1695; x_wconf 87' lang='grc' dir='ltr'>ἀδικίαν,</span> <span class='ocrx_word' id='word_1_89' title='bbox 1285 1619 1428 1706; x_wconf 81' lang='grc' dir='ltr'>διέβαλον</span> 
     </span>
     <span class='ocr_line' id='line_1_12' title="bbox 309 1714 1481 1800; baseline -0.001 -22"><span class='ocrx_word' id='word_1_90' title='bbox 309 1717 354 1784; x_wconf 80' lang='grc' dir='ltr'>είς</span> <span class='ocrx_word' id='word_1_91' title='bbox 391 1715 515 1794; x_wconf 85' lang='grc' dir='ltr'>κακίαν,</span> <span class='ocrx_word' id='word_1_92' title='bbox 543 1715 637 1799; x_wconf 80' lang='grc' dir='ltr'>ἐχρῆν</span> <span class='ocrx_word' id='word_1_93' title='bbox 666 1716 721 1798; x_wconf 78' lang='grc' dir='ltr'>μὲν</span> <span class='ocrx_word' id='word_1_94' title='bbox 748 1714 799 1776; x_wconf 79' lang='grc' dir='ltr'>καὶ</span> <span class='ocrx_word' id='word_1_95' title='bbox 827 1715 928 1783; x_wconf 88' lang='grc' dir='ltr'>οὑτως</span> <span class='ocrx_word' id='word_1_96' title='bbox 952 1715 1179 1799; x_wconf 77' lang='grc' dir='ltr'>ἀσφαλίίεσθαι</span> <span class='ocrx_word' id='word_1_97' title='bbox 1210 1715 1346 1800; x_wconf 84' lang='grc' dir='ltr'>τοῦνομα</span> <span class='ocrx_word' id='word_1_98' title='bbox 1378 1717 1428 1779; x_wconf 82' lang='grc' dir='ltr'>καὶ</span> <span class='ocrx_word' id='word_1_99' title='bbox 1447 1725 1481 1778; x_wconf 85' lang='grc'>10</span> 
     </span>
     <span class='ocr_line' id='line_1_13' title="bbox 307 1809 1428 1900; baseline -0.001 -23"><span class='ocrx_word' id='word_1_100' title='bbox 307 1817 361 1900; x_wconf 85' lang='grc' dir='ltr'>τὴν</span> <span class='ocrx_word' id='word_1_101' title='bbox 382 1815 452 1898; x_wconf 79' lang='grc' dir='ltr'>περὶ</span> <span class='ocrx_word' id='word_1_102' title='bbox 471 1813 565 1894; x_wconf 80' lang='grc' dir='ltr'>αὑτῆς</span> <span class='ocrx_word' id='word_1_103' title='bbox 583 1809 674 1881; x_wconf 74' lang='grc' dir='ltr'>δόξαν</span> <span class='ocrx_word' id='word_1_104' title='bbox 704 1816 747 1880; x_wconf 86' lang='grc' dir='ltr'>ιὺς</span> <span class='ocrx_word' id='word_1_105' title='bbox 771 1812 971 1897; x_wconf 76' lang='grc' dir='ltr'>ὑπαρχούσης</span> <span class='ocrx_word' id='word_1_106' title='bbox 993 1813 1043 1876; x_wconf 85' lang='grc' dir='ltr'>καὶ</span> <span class='ocrx_word' id='word_1_107' title='bbox 1064 1813 1105 1896; x_wconf 83' lang='grc' dir='ltr'>μὴ</span> <span class='ocrx_word' id='word_1_108' title='bbox 1126 1813 1325 1898; x_wconf 84' lang='grc' dir='ltr'>ὑπαρχούσης</span> <span class='ocrx_word' id='word_1_109' title='bbox 1346 1812 1377 1877; x_wconf 88' lang='grc' dir='ltr'>ἔν</span> <span class='ocrx_word' id='word_1_110' title='bbox 1396 1837 1428 1876; x_wconf 88' lang='grc' dir='ltr'>τε</span> 
     </span>
     <span class='ocr_line' id='line_1_14' title="bbox 307 1909 1428 1999; baseline -0.003 -23"><span class='ocrx_word' id='word_1_111' title='bbox 307 1920 353 1999; x_wconf 74' lang='grc' dir='ltr'>τῷ</span> <span class='ocrx_word' id='word_1_112' title='bbox 373 1909 562 1997; x_wconf 87' lang='grc' dir='ltr'>πράττεσθαι</span> <span class='ocrx_word' id='word_1_113' title='bbox 584 1909 635 1971; x_wconf 79' lang='grc' dir='ltr'>καὶ</span> <span class='ocrx_word' id='word_1_114' title='bbox 658 1910 700 1992; x_wconf 82' lang='grc' dir='ltr'>μή</span> <span class='ocrx_word' id='word_1_115' title='bbox 724 1911 922 1994; x_wconf 84' lang='grc' dir='ltr'>πράττεσθαι,</span> <span class='ocrx_word' id='word_1_116' title='bbox 949 1909 1058 1993; x_wconf 85' lang='grc' dir='ltr'>ήκιστοι</span> <span class='ocrx_word' id='word_1_117' title='bbox 1077 1910 1112 1971; x_wconf 86' lang='grc' dir='ltr'>δὲ</span> <span class='ocrx_word' id='word_1_118' title='bbox 1135 1909 1233 1993; x_wconf 85' lang='grc' dir='ltr'>ἀρχὴν</span> <span class='ocrx_word' id='word_1_119' title='bbox 1258 1909 1428 1994; x_wconf 90' lang='grc' dir='ltr'>ἐπεισάγειν</span> 
     </span>
     <span class='ocr_line' id='line_1_15' title="bbox 309 2004 1427 2092; baseline -0.001 -20"><span class='ocrx_word' id='word_1_120' title='bbox 309 2008 405 2092; x_wconf 79' lang='grc' dir='ltr'>αὑτήν</span> <span class='ocrx_word' id='word_1_121' title='bbox 436 2009 514 2071; x_wconf 82' lang='grc' dir='ltr'>κατὰ</span> <span class='ocrx_word' id='word_1_122' title='bbox 546 2009 640 2085; x_wconf 83' lang='grc' dir='ltr'>θεοῦ,</span> <span class='ocrx_word' id='word_1_123' title='bbox 672 2007 760 2090; x_wconf 83' lang='grc' dir='ltr'>όμως</span> <span class='ocrx_word' id='word_1_124' title='bbox 785 2006 812 2068; x_wconf 79' lang='grc' dir='ltr'>δ’</span> <span class='ocrx_word' id='word_1_125' title='bbox 843 2004 880 2069; x_wconf 84' lang='grc' dir='ltr'>ἀν</span> <span class='ocrx_word' id='word_1_126' title='bbox 913 2006 1017 2076; x_wconf 80' lang='grc' dir='ltr'>αὐτοῖς</span> <span class='ocrx_word' id='word_1_127' title='bbox 1052 2007 1290 2092; x_wconf 88' lang='grc' dir='ltr'>εὑπερίγραπτον</span> <span class='ocrx_word' id='word_1_128' title='bbox 1325 2007 1362 2092; x_wconf 80' lang='grc' dir='ltr'>ἧν</span> <span class='ocrx_word' id='word_1_129' title='bbox 1394 2010 1427 2071; x_wconf 88' lang='grc' dir='ltr'>τδ</span> 
     </span>
    </p>
   </div>
   <div class='ocr_carea' id='block_1_6' title="bbox 250 2103 1430 2192">
    <p class='ocr_par' dir='ltr' id='par_1_6' title="bbox 250 2103 1430 2192">
     <span class='ocr_line' id='line_1_16' title="bbox 250 2103 1430 2192; baseline 0 -24"><span class='ocrx_word' id='word_1_130' title='bbox 250 2117 258 2126; x_wconf 95' lang='grc'><em>“</em></span> <span class='ocrx_word' id='word_1_131' title='bbox 310 2107 452 2192; x_wconf 88' lang='grc' dir='ltr'>σφάλμα·</span> <span class='ocrx_word' id='word_1_132' title='bbox 482 2108 546 2170; x_wconf 76' lang='grc' dir='ltr'>νυνὶ</span> <span class='ocrx_word' id='word_1_133' title='bbox 576 2107 611 2169; x_wconf 79' lang='grc' dir='ltr'>δὲ</span> <span class='ocrx_word' id='word_1_134' title='bbox 635 2106 746 2190; x_wconf 86' lang='grc' dir='ltr'>σχεδόν</span> <span class='ocrx_word' id='word_1_135' title='bbox 779 2103 902 2168; x_wconf 84' lang='grc' dir='ltr'>άπασαν</span> <span class='ocrx_word' id='word_1_136' title='bbox 933 2105 986 2189; x_wconf 76' lang='grc' dir='ltr'>τήν</span> <span class='ocrx_word' id='word_1_137' title='bbox 1022 2105 1220 2189; x_wconf 77' lang='grc' dir='ltr'>δημιουργίαν</span> <span class='ocrx_word' id='word_1_138' title='bbox 1252 2105 1430 2174; x_wconf 81' lang='grc' dir='ltr'>κακίσαντες</span> 
     </span>
    </p>
   </div>
   <div class='ocr_carea' id='block_1_7' title="bbox 309 2201 1480 2290">
    <p class='ocr_par' dir='ltr' id='par_1_7' title="bbox 309 2201 1480 2290">
     <span class='ocr_line' id='line_1_17' title="bbox 309 2201 1480 2290; baseline -0.002 -22"><span class='ocrx_word' id='word_1_139' title='bbox 309 2205 477 2290; x_wconf 77' lang='grc' dir='ltr'>ὑπέρογκον</span> <span class='ocrx_word' id='word_1_140' title='bbox 497 2205 551 2286; x_wconf 85' lang='grc' dir='ltr'>τὴν</span> <span class='ocrx_word' id='word_1_141' title='bbox 570 2203 771 2290; x_wconf 86' lang='grc' dir='ltr'>βλασφημίαν</span> <span class='ocrx_word' id='word_1_142' title='bbox 792 2201 870 2264; x_wconf 84' lang='grc' dir='ltr'>κατά</span> <span class='ocrx_word' id='word_1_143' title='bbox 891 2203 968 2265; x_wconf 83' lang='grc' dir='ltr'>θεοῦ</span> <span class='ocrx_word' id='word_1_144' title='bbox 979 2204 1159 2287; x_wconf 85' lang='grc' dir='ltr'>πεποίηνται</span> <span class='ocrx_word' id='word_1_145' title='bbox 1172 2205 1222 2266; x_wconf 81' lang='grc' dir='ltr'>καὶ</span> <span class='ocrx_word' id='word_1_146' title='bbox 1238 2204 1425 2288; x_wconf 84' lang='grc' dir='ltr'>παράγουσιν</span> <span class='ocrx_word' id='word_1_147' title='bbox 1447 2211 1480 2266; x_wconf 76' lang='grc'>16</span> 
     </span>
    </p>
   </div>
   <div class='ocr_carea' id='block_1_8' title="bbox 268 2299 1427 2386">
    <p class='ocr_par' dir='ltr' id='par_1_8' title="bbox 268 2299 1427 2386">
     <span class='ocr_line' id='line_1_18' title="bbox 268 2299 1427 2386; baseline -0.003 -20"><span class='ocrx_word' id='word_1_148' title='bbox 268 2309 273 2320; x_wconf 87' lang='grc'><em>“</em></span> <span class='ocrx_word' id='word_1_149' title='bbox 309 2307 353 2372; x_wconf 81' lang='grc' dir='ltr'>όις</span> <span class='ocrx_word' id='word_1_150' title='bbox 374 2301 610 2386; x_wconf 85' lang='grc' dir='ltr'>όμολογοὺμενα</span> <span class='ocrx_word' id='word_1_151' title='bbox 629 2305 674 2386; x_wconf 78' lang='grc' dir='ltr'>τῷ</span> <span class='ocrx_word' id='word_1_152' title='bbox 695 2300 778 2385; x_wconf 85' lang='grc' dir='ltr'>λόγῳ</span> <span class='ocrx_word' id='word_1_153' title='bbox 798 2300 850 2362; x_wconf 82' lang='grc' dir='ltr'>καὶ</span> <span class='ocrx_word' id='word_1_154' title='bbox 870 2301 969 2363; x_wconf 90' lang='grc' dir='ltr'>πάντα</span> <span class='ocrx_word' id='word_1_155' title='bbox 991 2299 1028 2363; x_wconf 88' lang='grc' dir='ltr'>τά</span> <span class='ocrx_word' id='word_1_156' title='bbox 1051 2301 1145 2385; x_wconf 88' lang='grc' dir='ltr'>θηρία</span> <span class='ocrx_word' id='word_1_157' title='bbox 1157 2303 1207 2364; x_wconf 87' lang='grc' dir='ltr'>καὶ</span> <span class='ocrx_word' id='word_1_158' title='bbox 1222 2299 1259 2362; x_wconf 81' lang='grc' dir='ltr'>τὰ</span> <span class='ocrx_word' id='word_1_159' title='bbox 1270 2302 1427 2380; x_wconf 85' lang='grc' dir='ltr'>κνώδαλα,</span> 
     </span>
    </p>
   </div>
   <div class='ocr_carea' id='block_1_9' title="bbox 307 2396 1483 3946">
    <p class='ocr_par' dir='ltr' id='par_1_9' title="bbox 307 2396 1483 3946">
     <span class='ocr_line' id='line_1_19' title="bbox 309 2396 1427 2484; baseline -0.003 -21"><span class='ocrx_word' id='word_1_160' title='bbox 309 2399 366 2463; x_wconf 85' lang='grc' dir='ltr'>οῦκ</span> <span class='ocrx_word' id='word_1_161' title='bbox 388 2398 528 2482; x_wconf 74' lang='grc' dir='ltr'>οἰόμενοι</span> <span class='ocrx_word' id='word_1_162' title='bbox 548 2403 661 2483; x_wconf 80' lang='grc' dir='ltr'>χρῆναι</span> <span class='ocrx_word' id='word_1_163' title='bbox 677 2399 755 2484; x_wconf 83' lang='grc' dir='ltr'>πρὸς</span> <span class='ocrx_word' id='word_1_164' title='bbox 769 2397 891 2480; x_wconf 86' lang='grc' dir='ltr'>ἀγαθοῦ</span> <span class='ocrx_word' id='word_1_165' title='bbox 904 2403 999 2460; x_wconf 90' lang='grc' dir='ltr'>ταῦτα</span> <span class='ocrx_word' id='word_1_166' title='bbox 1011 2398 1205 2483; x_wconf 83' lang='grc' dir='ltr'>γεγενῆσθαι,</span> <span class='ocrx_word' id='word_1_167' title='bbox 1219 2397 1275 2460; x_wconf 81' lang='grc' dir='ltr'>οῦκ</span> <span class='ocrx_word' id='word_1_168' title='bbox 1286 2396 1427 2482; x_wconf 79' lang='grc' dir='ltr'>ἀχρηστα</span> 
     </span>
     <span class='ocr_line' id='line_1_20' title="bbox 310 2495 1426 2582; baseline -0.002 -22"><span class='ocrx_word' id='word_1_169' title='bbox 310 2497 403 2582; x_wconf 88' lang='grc' dir='ltr'>μόνον</span> <span class='ocrx_word' id='word_1_170' title='bbox 427 2500 486 2578; x_wconf 85' lang='grc' dir='ltr'>(ὑς</span> <span class='ocrx_word' id='word_1_171' title='bbox 508 2496 727 2580; x_wconf 88' lang='grc' dir='ltr'>ὑπειλήφασιν)</span> <span class='ocrx_word' id='word_1_172' title='bbox 749 2496 832 2572; x_wconf 80' lang='grc' dir='ltr'>ὄντα,</span> <span class='ocrx_word' id='word_1_173' title='bbox 855 2495 937 2558; x_wconf 80' lang='grc' dir='ltr'>ἀλλὰ</span> <span class='ocrx_word' id='word_1_174' title='bbox 960 2497 1010 2560; x_wconf 85' lang='grc' dir='ltr'>καὶ</span> <span class='ocrx_word' id='word_1_175' title='bbox 1032 2497 1099 2559; x_wconf 89' lang='grc' dir='ltr'>λίαν</span> <span class='ocrx_word' id='word_1_176' title='bbox 1123 2495 1298 2579; x_wconf 89' lang='grc' dir='ltr'>ἀνθρώποις</span> <span class='ocrx_word' id='word_1_177' title='bbox 1318 2497 1426 2582; x_wconf 55' lang='grc' dir='ltr'>βλαβει</span> 
     </span>
     <span class='ocr_line' id='line_1_21' title="bbox 309 2593 1428 2679; baseline -0.002 -21"><span class='ocrx_word' id='word_1_178' title='bbox 309 2598 447 2679; x_wconf 81' lang='grc' dir='ltr'>ράντατα,</span> <span class='ocrx_word' id='word_1_179' title='bbox 469 2595 602 2677; x_wconf 86' lang='grc' dir='ltr'>καίτοιγε</span> <span class='ocrx_word' id='word_1_180' title='bbox 625 2594 788 2679; x_wconf 74' lang='grc' dir='ltr'>δειχθῆναι</span> <span class='ocrx_word' id='word_1_181' title='bbox 814 2593 970 2677; x_wconf 90' lang='grc' dir='ltr'>δυνάμενα</span> <span class='ocrx_word' id='word_1_182' title='bbox 994 2599 1037 2663; x_wconf 78' lang='grc' dir='ltr'>ιὐς</span> <span class='ocrx_word' id='word_1_183' title='bbox 1061 2595 1177 2678; x_wconf 84' lang='grc' dir='ltr'>μᾶλλον</span> <span class='ocrx_word' id='word_1_184' title='bbox 1201 2595 1428 2678; x_wconf 84' lang='grc' dir='ltr'>ὠφελιμώτεροι</span> 
     </span>
     <span class='ocr_line' id='line_1_22' title="bbox 307 2679 1478 2777; baseline -0.002 -21"><span class='ocrx_word' id='word_1_185' title='bbox 307 2694 360 2756; x_wconf 84' lang='grc' dir='ltr'>καὶ</span> <span class='ocrx_word' id='word_1_186' title='bbox 381 2695 601 2777; x_wconf 81' lang='grc' dir='ltr'>χρησιμώτερα</span> <span class='ocrx_word' id='word_1_187' title='bbox 623 2692 766 2776; x_wconf 91' lang='grc' dir='ltr'>τυγχάνει</span> <span class='ocrx_word' id='word_1_188' title='bbox 783 2687 863 2775; x_wconf 82' lang='grc' dir='ltr'>ἥπερ</span> <span class='ocrx_word' id='word_1_189' title='bbox 886 2691 923 2754; x_wconf 82' lang='grc' dir='ltr'>τὰ</span> <span class='ocrx_word' id='word_1_190' title='bbox 947 2689 1043 2760; x_wconf 85' lang='grc' dir='ltr'>ὄντως</span> <span class='ocrx_word' id='word_1_191' title='bbox 1063 2691 1239 2774; x_wconf 85' lang='grc' dir='ltr'>ἀνθρώποις</span> <span class='ocrx_word' id='word_1_192' title='bbox 1259 2679 1425 2754; x_wconf 70' lang='grc' dir='ltr'>λυάιτελεῖν</span> <span class='ocrx_word' id='word_1_193' title='bbox 1443 2698 1478 2754; x_wconf 68' lang='grc' dir='ltr'>δῦ</span> 
     </span>
     <span class='ocr_line' id='line_1_23' title="bbox 309 2787 1427 2874; baseline -0.002 -22"><span class='ocrx_word' id='word_1_194' title='bbox 309 2791 470 2854; x_wconf 89' lang='grc' dir='ltr'>δοκοῦντα.</span> <span class='ocrx_word' id='word_1_195' title='bbox 518 2791 569 2853; x_wconf 76' lang='grc' dir='ltr'>καὶ</span> <span class='ocrx_word' id='word_1_196' title='bbox 594 2787 697 2852; x_wconf 78' lang='grc' dir='ltr'>πολλὰ</span> <span class='ocrx_word' id='word_1_197' title='bbox 719 2788 774 2872; x_wconf 78' lang='grc' dir='ltr'>μὲν</span> <span class='ocrx_word' id='word_1_198' title='bbox 797 2788 850 2851; x_wconf 81' lang='grc' dir='ltr'>καὶ</span> <span class='ocrx_word' id='word_1_199' title='bbox 872 2787 962 2870; x_wconf 78' lang='grc' dir='ltr'>ἕτερα</span> <span class='ocrx_word' id='word_1_200' title='bbox 994 2787 1182 2871; x_wconf 88' lang='grc' dir='ltr'>συνείρουσιν</span> <span class='ocrx_word' id='word_1_201' title='bbox 1213 2787 1257 2856; x_wconf 88' lang='grc' dir='ltr'>είς</span> <span class='ocrx_word' id='word_1_202' title='bbox 1281 2789 1427 2874; x_wconf 86' lang='grc' dir='ltr'>διαβολὴν</span> 
     </span>
     <span class='ocr_line' id='line_1_24' title="bbox 308 2883 1427 2970; baseline 0 -20"><span class='ocrx_word' id='word_1_203' title='bbox 308 2892 369 2950; x_wconf 82' lang='grc' dir='ltr'>τῶν</span> <span class='ocrx_word' id='word_1_204' title='bbox 396 2886 492 2950; x_wconf 87' lang='grc' dir='ltr'>όντων</span> <span class='ocrx_word' id='word_1_205' title='bbox 519 2889 570 2950; x_wconf 77' lang='grc' dir='ltr'>καί</span> <span class='ocrx_word' id='word_1_206' title='bbox 598 2891 651 2969; x_wconf 82' lang='grc' dir='ltr'>τῆς</span> <span class='ocrx_word' id='word_1_207' title='bbox 677 2890 737 2950; x_wconf 86' lang='grc' dir='ltr'>τῶν</span> <span class='ocrx_word' id='word_1_208' title='bbox 766 2886 849 2948; x_wconf 88' lang='grc' dir='ltr'>όλων</span> <span class='ocrx_word' id='word_1_209' title='bbox 881 2883 1079 2967; x_wconf 83' lang='grc' dir='ltr'>διοικήσεως,</span> <span class='ocrx_word' id='word_1_210' title='bbox 1111 2886 1127 2948; x_wconf 92' lang='grc' dir='ltr'>ό</span> <span class='ocrx_word' id='word_1_211' title='bbox 1158 2885 1193 2948; x_wconf 82' lang='grc' dir='ltr'>δὲ</span> <span class='ocrx_word' id='word_1_212' title='bbox 1220 2885 1311 2970; x_wconf 81' lang='grc' dir='ltr'>λόγος</span> <span class='ocrx_word' id='word_1_213' title='bbox 1336 2889 1427 2952; x_wconf 79' lang='grc' dir='ltr'>οὐδὲν</span> 
     </span>
     <span class='ocr_line' id='line_1_25' title="bbox 310 2981 1427 3068; baseline 0 -20"><span class='ocrx_word' id='word_1_214' title='bbox 310 2985 529 3048; x_wconf 83' lang='grc' dir='ltr'>ἀναπόδεικτον</span> <span class='ocrx_word' id='word_1_215' title='bbox 544 2991 603 3047; x_wconf 87' lang='grc' dir='ltr'>τῶν</span> <span class='ocrx_word' id='word_1_216' title='bbox 615 3007 648 3046; x_wconf 92' lang='grc' dir='ltr'>τε</span> <span class='ocrx_word' id='word_1_217' title='bbox 661 2982 832 3068; x_wconf 77' lang='grc' dir='ltr'>εἰρημένων</span> <span class='ocrx_word' id='word_1_218' title='bbox 846 2983 897 3045; x_wconf 87' lang='grc' dir='ltr'>καὶ</span> <span class='ocrx_word' id='word_1_219' title='bbox 918 2981 1141 3066; x_wconf 79' lang='grc' dir='ltr'>ῥηθησομένων</span> <span class='ocrx_word' id='word_1_220' title='bbox 1168 2986 1345 3048; x_wconf 83' lang='grc' dir='ltr'>καταλιπεῖν</span> <span class='ocrx_word' id='word_1_221' title='bbox 1364 3007 1427 3048; x_wconf 89' lang='grc' dir='ltr'>πει-</span> 
     </span>
     <span class='ocr_line' id='line_1_26' title="bbox 311 3076 1429 3167; baseline 0.002 -23"><span class='ocrx_word' id='word_1_222' title='bbox 311 3076 446 3167; x_wconf 88' lang='grc' dir='ltr'>ράσεται.</span> <span class='ocrx_word' id='word_1_223' title='bbox 511 3082 544 3159; x_wconf 69' lang='grc'>4,</span> <span class='ocrx_word' id='word_1_224' title='bbox 582 3082 638 3146; x_wconf 92' lang='grc' dir='ltr'>δὺο</span> <span class='ocrx_word' id='word_1_225' title='bbox 662 3081 720 3166; x_wconf 76' lang='grc' dir='ltr'>γὰρ</span> <span class='ocrx_word' id='word_1_226' title='bbox 750 3081 894 3144; x_wconf 81' lang='grc' dir='ltr'>ἐναντίων</span> <span class='ocrx_word' id='word_1_227' title='bbox 924 3079 1047 3164; x_wconf 87' lang='grc' dir='ltr'>φόσεων</span> <span class='ocrx_word' id='word_1_228' title='bbox 1078 3084 1183 3165; x_wconf 81' lang='grc' dir='ltr'>κρᾶσιν</span> <span class='ocrx_word' id='word_1_229' title='bbox 1215 3081 1331 3151; x_wconf 88' lang='grc' dir='ltr'>ἐντοῖς</span> <span class='ocrx_word' id='word_1_230' title='bbox 1360 3081 1429 3146; x_wconf 89' lang='grc' dir='ltr'>οὑσι</span> 
     </span>
     <span class='ocr_line' id='line_1_27' title="bbox 311 3175 1480 3264; baseline -0.004 -23"><span class='ocrx_word' id='word_1_231' title='bbox 311 3178 536 3264; x_wconf 78' lang='grc' dir='ltr'>φανταζόμενοι</span> <span class='ocrx_word' id='word_1_232' title='bbox 566 3179 746 3262; x_wconf 88' lang='grc' dir='ltr'>διανέμουσι</span> <span class='ocrx_word' id='word_1_233' title='bbox 775 3177 899 3246; x_wconf 91' lang='grc' dir='ltr'>ταὺταις</span> <span class='ocrx_word' id='word_1_234' title='bbox 925 3176 962 3240; x_wconf 84' lang='grc' dir='ltr'>τά</span> <span class='ocrx_word' id='word_1_235' title='bbox 986 3175 1058 3240; x_wconf 85' lang='grc' dir='ltr'>όντα</span> <span class='ocrx_word' id='word_1_236' title='bbox 1086 3176 1220 3240; x_wconf 83' lang='grc' dir='ltr'>κατὰτὸ</span> <span class='ocrx_word' id='word_1_237' title='bbox 1244 3179 1354 3242; x_wconf 81' lang='grc' dir='ltr'>δοκοῦν</span> <span class='ocrx_word' id='word_1_238' title='bbox 1376 3179 1427 3242; x_wconf 83' lang='grc' dir='ltr'>αὑ·</span> <span class='ocrx_word' id='word_1_239' title='bbox 1444 3182 1480 3236; x_wconf 70' lang='grc' dir='ltr'>ῦῦ</span> 
     </span>
     <span class='ocr_line' id='line_1_28' title="bbox 310 3275 1429 3360; baseline 0.002 -22"><span class='ocrx_word' id='word_1_240' title='bbox 310 3282 384 3354; x_wconf 85' lang='grc' dir='ltr'>τοῖς,</span> <span class='ocrx_word' id='word_1_241' title='bbox 408 3277 510 3340; x_wconf 86' lang='grc' dir='ltr'>Πόθεν</span> <span class='ocrx_word' id='word_1_242' title='bbox 523 3277 694 3360; x_wconf 87' lang='grc' dir='ltr'>(λέγοντες)</span> <span class='ocrx_word' id='word_1_243' title='bbox 712 3276 749 3340; x_wconf 89' lang='grc' dir='ltr'>τά</span> <span class='ocrx_word' id='word_1_244' title='bbox 769 3275 859 3351; x_wconf 91' lang='grc' dir='ltr'>κακά,</span> <span class='ocrx_word' id='word_1_245' title='bbox 886 3277 913 3340; x_wconf 81' lang='grc' dir='ltr'>εἰ</span> <span class='ocrx_word' id='word_1_246' title='bbox 936 3275 976 3360; x_wconf 84' lang='grc' dir='ltr'>μὴ</span> <span class='ocrx_word' id='word_1_247' title='bbox 1001 3275 1034 3337; x_wconf 88' lang='grc' dir='ltr'>ἐκ</span> <span class='ocrx_word' id='word_1_248' title='bbox 1055 3275 1135 3342; x_wconf 78' lang='grc' dir='ltr'>τινός</span> <span class='ocrx_word' id='word_1_249' title='bbox 1156 3275 1254 3360; x_wconf 77' lang='grc' dir='ltr'>ἀρχῆς</span> <span class='ocrx_word' id='word_1_250' title='bbox 1268 3277 1319 3338; x_wconf 76' lang='grc' dir='ltr'>καί</span> <span class='ocrx_word' id='word_1_251' title='bbox 1333 3281 1429 3340; x_wconf 88' lang='grc' dir='ltr'>ταῦτα</span> 
     </span>
     <span class='ocr_line' id='line_1_29' title="bbox 310 3371 1428 3464; baseline 0.001 -27"><span class='ocrx_word' id='word_1_252' title='bbox 310 3376 471 3464; x_wconf 72' lang='grc' dir='ltr'>τυγχάνεις</span> <span class='ocrx_word' id='word_1_253' title='bbox 495 3377 521 3438; x_wconf 88' lang='grc' dir='ltr'>εί</span> <span class='ocrx_word' id='word_1_254' title='bbox 541 3373 577 3437; x_wconf 85' lang='grc' dir='ltr'>δέ</span> <span class='ocrx_word' id='word_1_255' title='bbox 598 3397 642 3442; x_wconf 79' lang='grc' dir='ltr'>τις</span> <span class='ocrx_word' id='word_1_256' title='bbox 665 3375 832 3458; x_wconf 83' lang='grc' dir='ltr'>ἐρωτήσειε</span> <span class='ocrx_word' id='word_1_257' title='bbox 854 3373 954 3449; x_wconf 77' lang='grc' dir='ltr'>Ποῖας</span> <span class='ocrx_word' id='word_1_258' title='bbox 976 3372 1148 3457; x_wconf 87' lang='grc' dir='ltr'>συνείρουσι</span> <span class='ocrx_word' id='word_1_259' title='bbox 1167 3371 1209 3434; x_wconf 66' lang='grc' dir='ltr'>»τά</span> <span class='ocrx_word' id='word_1_260' title='bbox 1230 3377 1290 3435; x_wconf 81' lang='grc' dir='ltr'>τῶν</span> <span class='ocrx_word' id='word_1_261' title='bbox 1312 3373 1428 3458; x_wconf 81' lang='grc' dir='ltr'>ἀνθρὼ-</span> 
     </span>
     <span class='ocr_line' id='line_1_30' title="bbox 310 3469 1429 3557; baseline -0.002 -21"><span class='ocrx_word' id='word_1_262' title='bbox 310 3497 378 3538; x_wconf 92' lang='grc' dir='ltr'>πων</span> <span class='ocrx_word' id='word_1_263' title='bbox 409 3474 614 3557; x_wconf 86' lang='grc' dir='ltr'>άμαρτήματα</span> <span class='ocrx_word' id='word_1_264' title='bbox 638 3472 748 3535; x_wconf 79' lang='grc' dir='ltr'>καὶτὰ</span> <span class='ocrx_word' id='word_1_265' title='bbox 776 3474 831 3534; x_wconf 90' lang='grc' dir='ltr'>τοῦ</span> <span class='ocrx_word' id='word_1_266' title='bbox 862 3471 939 3535; x_wconf 87' lang='grc' dir='ltr'>θεοῦ</span> <span class='ocrx_word' id='word_1_267' title='bbox 957 3469 1229 3556; x_wconf 74' lang='grc' dir='ltr'>,δημιουργήματα</span> <span class='ocrx_word' id='word_1_268' title='bbox 1252 3471 1303 3534; x_wconf 78' lang='grc' dir='ltr'>καὶ</span> <span class='ocrx_word' id='word_1_269' title='bbox 1335 3471 1429 3556; x_wconf 81' lang='grc' dir='ltr'>αὑτὴν</span> 
     </span>
     <span class='ocr_line' id='line_1_31' title="bbox 312 3567 1429 3655; baseline -0.003 -21"><span class='ocrx_word' id='word_1_270' title='bbox 312 3571 387 3655; x_wconf 88' lang='grc' dir='ltr'>όλην</span> <span class='ocrx_word' id='word_1_271' title='bbox 417 3571 470 3652; x_wconf 84' lang='grc' dir='ltr'>τὴν</span> <span class='ocrx_word' id='word_1_272' title='bbox 496 3571 655 3653; x_wconf 89' lang='grc' dir='ltr'>πάνσοφον</span> <span class='ocrx_word' id='word_1_273' title='bbox 678 3570 855 3653; x_wconf 79' lang='grc' dir='ltr'>οίκονομίαν</span> <span class='ocrx_word' id='word_1_274' title='bbox 877 3569 1063 3643; x_wconf 73' lang='grc' dir='ltr'>κακίζουσιν,</span> <span class='ocrx_word' id='word_1_275' title='bbox 1093 3571 1145 3641; x_wconf 82' lang='grc' dir='ltr'>ιὺς,</span> <span class='ocrx_word' id='word_1_276' title='bbox 1175 3567 1299 3652; x_wconf 81' lang='grc' dir='ltr'>εἴτι[ς]</span> <span class='ocrx_word' id='word_1_277' title='bbox 1321 3568 1429 3638; x_wconf 72' lang='grc' dir='ltr'>δείξειε</span> 
     </span>
     <span class='ocr_line' id='line_1_32' title="bbox 310 3663 1483 3750; baseline -0.003 -20"><span class='ocrx_word' id='word_1_278' title='bbox 310 3670 411 3730; x_wconf 90' lang='grc' dir='ltr'>πάντα</span> <span class='ocrx_word' id='word_1_279' title='bbox 436 3668 542 3733; x_wconf 85' lang='grc' dir='ltr'>καλῶς</span> <span class='ocrx_word' id='word_1_280' title='bbox 567 3667 617 3728; x_wconf 90' lang='grc' dir='ltr'>καὶ</span> <span class='ocrx_word' id='word_1_281' title='bbox 650 3667 824 3748; x_wconf 89' lang='grc' dir='ltr'>ἀναγκαίως</span> <span class='ocrx_word' id='word_1_282' title='bbox 848 3665 1007 3750; x_wconf 87' lang='grc' dir='ltr'>γεγονέναι</span> <span class='ocrx_word' id='word_1_283' title='bbox 1035 3666 1087 3727; x_wconf 89' lang='grc' dir='ltr'>καὶ</span> <span class='ocrx_word' id='word_1_284' title='bbox 1110 3664 1282 3748; x_wconf 86' lang='grc' dir='ltr'>γίγνεσθαι,</span> <span class='ocrx_word' id='word_1_285' title='bbox 1312 3663 1483 3750; x_wconf 75' lang='grc' dir='ltr'>οίχεταιθθ</span> 
     </span>
     <span class='ocr_line' id='line_1_33' title="bbox 313 3760 1431 3848; baseline -0.004 -20"><span class='ocrx_word' id='word_1_286' title='bbox 313 3765 421 3832; x_wconf 81' lang='grc' dir='ltr'>αὐτοῖς</span> <span class='ocrx_word' id='word_1_287' title='bbox 447 3763 478 3832; x_wconf 76' lang='grc' dir='ltr'>ἐξ</span> <span class='ocrx_word' id='word_1_288' title='bbox 505 3763 637 3846; x_wconf 90' lang='grc' dir='ltr'>ἀνάγκης</span> <span class='ocrx_word' id='word_1_289' title='bbox 657 3765 673 3827; x_wconf 92' lang='grc' dir='ltr'>ό</span> <span class='ocrx_word' id='word_1_290' title='bbox 697 3765 766 3848; x_wconf 87' lang='grc' dir='ltr'>περὶ</span> <span class='ocrx_word' id='word_1_291' title='bbox 792 3770 847 3848; x_wconf 78' lang='grc' dir='ltr'>τῆς</span> <span class='ocrx_word' id='word_1_292' title='bbox 874 3762 1012 3830; x_wconf 89' lang='grc' dir='ltr'>ἐναντίας</span> <span class='ocrx_word' id='word_1_293' title='bbox 1044 3763 1143 3846; x_wconf 79' lang='grc' dir='ltr'>ἀρχῆς</span> <span class='ocrx_word' id='word_1_294' title='bbox 1163 3760 1263 3846; x_wconf 90' lang='grc' dir='ltr'>λόγος.</span> <span class='ocrx_word' id='word_1_295' title='bbox 1301 3763 1342 3847; x_wconf 80' lang='grc' dir='ltr'>μὴ</span> <span class='ocrx_word' id='word_1_296' title='bbox 1373 3761 1431 3847; x_wconf 78' lang='grc' dir='ltr'>γὰρ</span> 
     </span>
     <span class='ocr_line' id='line_1_34' title="bbox 315 3858 1432 3946; baseline -0.002 -21"><span class='ocrx_word' id='word_1_297' title='bbox 315 3861 464 3929; x_wconf 86' lang='grc' dir='ltr'>συνιέντες</span> <span class='ocrx_word' id='word_1_298' title='bbox 487 3859 572 3928; x_wconf 77' lang='grc' dir='ltr'>ὅπως</span> <span class='ocrx_word' id='word_1_299' title='bbox 592 3858 659 3946; x_wconf 87' lang='grc' dir='ltr'>ἔχει</span> <span class='ocrx_word' id='word_1_300' title='bbox 679 3861 716 3925; x_wconf 85' lang='grc' dir='ltr'>τά</span> <span class='ocrx_word' id='word_1_301' title='bbox 738 3863 833 3939; x_wconf 89' lang='grc' dir='ltr'>κάτω,</span> <span class='ocrx_word' id='word_1_302' title='bbox 856 3861 1027 3924; x_wconf 85' lang='grc' dir='ltr'>έπλάσαντο</span> <span class='ocrx_word' id='word_1_303' title='bbox 1049 3860 1118 3944; x_wconf 85' lang='grc' dir='ltr'>περὶ</span> <span class='ocrx_word' id='word_1_304' title='bbox 1141 3859 1178 3922; x_wconf 87' lang='grc' dir='ltr'>τά</span> <span class='ocrx_word' id='word_1_305' title='bbox 1200 3861 1265 3924; x_wconf 90' lang='grc' dir='ltr'>άνω</span> <span class='ocrx_word' id='word_1_306' title='bbox 1288 3897 1330 3909; x_wconf 93' lang='grc'><strong>-</strong></span> <span class='ocrx_word' id='word_1_307' title='bbox 1353 3861 1432 3944; x_wconf 85' lang='grc' dir='ltr'>μηδὲ</span> 
     </span>
    </p>
   </div>
   <div class='ocr_carea' id='block_1_10' title="bbox 224 3955 1431 4044">
    <p class='ocr_par' dir='ltr' id='par_1_10' title="bbox 224 3955 1431 4044">
     <span class='ocr_line' id='line_1_35' title="bbox 224 3955 1431 4044; baseline -0.003 -21"><span class='ocrx_word' id='word_1_308' title='bbox 224 3973 230 3980; x_wconf 78' lang='grc'><em>“</em></span> <span class='ocrx_word' id='word_1_309' title='bbox 310 3957 540 4044; x_wconf 78' lang='grc' dir='ltr'>καταλαβόντες</span> <span class='ocrx_word' id='word_1_310' title='bbox 558 3957 625 4020; x_wconf 90' lang='grc' dir='ltr'>τίνα</span> <span class='ocrx_word' id='word_1_311' title='bbox 645 3958 757 4044; x_wconf 91' lang='grc' dir='ltr'>τρόπον</span> <span class='ocrx_word' id='word_1_312' title='bbox 773 3959 922 4022; x_wconf 89' lang='grc' dir='ltr'>διάκειται</span> <span class='ocrx_word' id='word_1_313' title='bbox 943 3955 981 4019; x_wconf 84' lang='grc' dir='ltr'>τά</span> <span class='ocrx_word' id='word_1_314' title='bbox 1000 3957 1155 4040; x_wconf 79' lang='grc' dir='ltr'>δρώμενα,</span> <span class='ocrx_word' id='word_1_315' title='bbox 1180 3957 1431 4043; x_wconf 81' lang='grc' dir='ltr'>ἐσυκοφάντησαν</span> 
     </span>
    </p>
   </div>
   <div class='ocr_carea' id='block_1_11' title="bbox 312 4051 1483 4701">
    <p class='ocr_par' dir='ltr' id='par_1_11' title="bbox 312 4051 1432 4142">
     <span class='ocr_line' id='line_1_36' title="bbox 312 4051 1432 4142; baseline -0.003 -22"><span class='ocrx_word' id='word_1_316' title='bbox 312 4060 347 4122; x_wconf 85' lang='grc' dir='ltr'>τὸ</span> <span class='ocrx_word' id='word_1_317' title='bbox 373 4058 414 4142; x_wconf 85' lang='grc' dir='ltr'>μὴ</span> <span class='ocrx_word' id='word_1_318' title='bbox 438 4058 597 4142; x_wconf 82' lang='grc' dir='ltr'>δρώμενον</span> <span class='ocrx_word' id='word_1_319' title='bbox 620 4093 661 4102; x_wconf 96' lang='grc'>-</span> <span class='ocrx_word' id='word_1_320' title='bbox 682 4057 734 4118; x_wconf 87' lang='grc' dir='ltr'>καὶ</span> <span class='ocrx_word' id='word_1_321' title='bbox 753 4061 867 4139; x_wconf 82' lang='grc' dir='ltr'>γνῶναι</span> <span class='ocrx_word' id='word_1_322' title='bbox 891 4054 1129 4132; x_wconf 87' lang='grc' dir='ltr'>σπουδάσαντες,</span> <span class='ocrx_word' id='word_1_323' title='bbox 1152 4051 1201 4116; x_wconf 83' lang='grc' dir='ltr'>διὰ</span> <span class='ocrx_word' id='word_1_324' title='bbox 1214 4055 1247 4118; x_wconf 91' lang='grc' dir='ltr'>τδ</span> <span class='ocrx_word' id='word_1_325' title='bbox 1263 4057 1304 4140; x_wconf 82' lang='grc' dir='ltr'>μὴ</span> <span class='ocrx_word' id='word_1_326' title='bbox 1319 4061 1432 4138; x_wconf 85' lang='grc' dir='ltr'>γνῶναι</span> 
     </span>
    </p>

    <p class='ocr_par' dir='ltr' id='par_1_12' title="bbox 313 4149 1483 4239">
     <span class='ocr_line' id='line_1_37' title="bbox 313 4149 1483 4239; baseline -0.007 -23"><span class='ocrx_word' id='word_1_327' title='bbox 313 4155 421 4238; x_wconf 73' lang='grc' dir='ltr'>ἀγνοίᾳ</span> <span class='ocrx_word' id='word_1_328' title='bbox 448 4155 564 4239; x_wconf 78' lang='grc' dir='ltr'>μείζονι</span> <span class='ocrx_word' id='word_1_329' title='bbox 590 4153 783 4237; x_wconf 87' lang='grc' dir='ltr'>περιέπεσον.</span> <span class='ocrx_word' id='word_1_330' title='bbox 836 4155 879 4220; x_wconf 81' lang='grc' dir='ltr'>όνς</span> <span class='ocrx_word' id='word_1_331' title='bbox 906 4151 964 4236; x_wconf 83' lang='grc' dir='ltr'>γὰρ</span> <span class='ocrx_word' id='word_1_332' title='bbox 996 4149 1027 4212; x_wconf 87' lang='grc' dir='ltr'>ἐν</span> <span class='ocrx_word' id='word_1_333' title='bbox 1065 4151 1164 4214; x_wconf 89' lang='grc' dir='ltr'>σκότει</span> <span class='ocrx_word' id='word_1_334' title='bbox 1192 4152 1245 4234; x_wconf 79' lang='grc' dir='ltr'>τήν</span> <span class='ocrx_word' id='word_1_335' title='bbox 1274 4153 1344 4238; x_wconf 90' lang='grc' dir='ltr'>περὶ</span> <span class='ocrx_word' id='word_1_336' title='bbox 1370 4157 1429 4214; x_wconf 84' lang='grc' dir='ltr'>τῶν</span> <span class='ocrx_word' id='word_1_337' title='bbox 1448 4153 1483 4208; x_wconf 77' lang='grc' dir='ltr'>δῦ</span> 
     </span>
    </p>

    <p class='ocr_par' dir='ltr' id='par_1_13' title="bbox 313 4247 1430 4336">
     <span class='ocr_line' id='line_1_38' title="bbox 313 4247 1430 4336; baseline -0.003 -22"><span class='ocrx_word' id='word_1_338' title='bbox 313 4252 509 4336; x_wconf 88' lang='grc' dir='ltr'>φαινομένων</span> <span class='ocrx_word' id='word_1_339' title='bbox 536 4249 655 4314; x_wconf 83' lang='grc' dir='ltr'>ἔννοιαν</span> <span class='ocrx_word' id='word_1_340' title='bbox 686 4254 864 4334; x_wconf 75' lang='grc' dir='ltr'>ζητοῦντες,</span> <span class='ocrx_word' id='word_1_341' title='bbox 897 4249 933 4312; x_wconf 83' lang='grc' dir='ltr'>οὐ</span> <span class='ocrx_word' id='word_1_342' title='bbox 963 4248 1056 4334; x_wconf 90' lang='grc' dir='ltr'>μόνον</span> <span class='ocrx_word' id='word_1_343' title='bbox 1083 4249 1143 4334; x_wconf 86' lang='grc' dir='ltr'>οὑχ</span> <span class='ocrx_word' id='word_1_344' title='bbox 1171 4247 1259 4332; x_wconf 87' lang='grc' dir='ltr'>εὑρον</span> <span class='ocrx_word' id='word_1_345' title='bbox 1290 4249 1306 4312; x_wconf 92' lang='grc' dir='ltr'>θ</span> <span class='ocrx_word' id='word_1_346' title='bbox 1332 4253 1430 4333; x_wconf 76' lang='grc' dir='ltr'>ζητεῖν</span> 
     </span>
    </p>

    <p class='ocr_par' dir='ltr' id='par_1_14' title="bbox 314 4347 1483 4433">
     <span class='ocr_line' id='line_1_39' title="bbox 314 4347 1483 4433; baseline -0.003 -21"><span class='ocrx_word' id='word_1_347' title='bbox 314 4349 461 4429; x_wconf 80' lang='grc' dir='ltr'>ἐδόκουν,</span> <span class='ocrx_word' id='word_1_348' title='bbox 493 4348 575 4412; x_wconf 85' lang='grc' dir='ltr'>ἀλλά</span> <span class='ocrx_word' id='word_1_349' title='bbox 597 4351 648 4412; x_wconf 84' lang='grc' dir='ltr'>καὶ</span> <span class='ocrx_word' id='word_1_350' title='bbox 676 4351 782 4433; x_wconf 79' lang='grc' dir='ltr'>μεῖζον</span> <span class='ocrx_word' id='word_1_351' title='bbox 809 4349 931 4416; x_wconf 73' lang='grc' dir='ltr'>ἑαυτοῖς</span> <span class='ocrx_word' id='word_1_352' title='bbox 958 4349 992 4411; x_wconf 91' lang='grc' dir='ltr'>τδ</span> <span class='ocrx_word' id='word_1_353' title='bbox 1024 4347 1132 4416; x_wconf 91' lang='grc' dir='ltr'>σκότος</span> <span class='ocrx_word' id='word_1_354' title='bbox 1158 4350 1212 4428; x_wconf 79' lang='grc' dir='ltr'>τῆς</span> <span class='ocrx_word' id='word_1_355' title='bbox 1235 4347 1360 4429; x_wconf 85' lang='grc' dir='ltr'>ἀγνοίας</span> <span class='ocrx_word' id='word_1_356' title='bbox 1380 4369 1430 4409; x_wconf 83' lang='grc' dir='ltr'>πε·</span> <span class='ocrx_word' id='word_1_357' title='bbox 1479 4367 1483 4376; x_wconf 94' lang='grc'><em>·</em></span> 
     </span>
    </p>

    <p class='ocr_par' dir='ltr' id='par_1_15' title="bbox 312 4444 1431 4531">
     <span class='ocr_line' id='line_1_40' title="bbox 312 4444 1431 4531; baseline -0.001 -22"><span class='ocrx_word' id='word_1_358' title='bbox 312 4449 486 4531; x_wconf 90' lang='grc' dir='ltr'>ποιήκασιν.</span> <span class='ocrx_word' id='word_1_359' title='bbox 541 4447 570 4520; x_wconf 71' lang='grc' dir='ltr'>δ,</span> <span class='ocrx_word' id='word_1_360' title='bbox 603 4449 694 4530; x_wconf 76' lang='grc' dir='ltr'>ἡμεῖς</span> <span class='ocrx_word' id='word_1_361' title='bbox 714 4445 750 4507; x_wconf 82' lang='grc' dir='ltr'>δὲ</span> <span class='ocrx_word' id='word_1_362' title='bbox 769 4448 891 4529; x_wconf 78' lang='grc' dir='ltr'>πρῶτον</span> <span class='ocrx_word' id='word_1_363' title='bbox 912 4446 982 4530; x_wconf 83' lang='grc' dir='ltr'>περὶ</span> <span class='ocrx_word' id='word_1_364' title='bbox 998 4449 1057 4508; x_wconf 87' lang='grc' dir='ltr'>τῶν</span> <span class='ocrx_word' id='word_1_365' title='bbox 1083 4444 1138 4508; x_wconf 92' lang='grc' dir='ltr'>δὺο</span> <span class='ocrx_word' id='word_1_366' title='bbox 1163 4444 1305 4508; x_wconf 87' lang='grc' dir='ltr'>ἐναντίων</span> <span class='ocrx_word' id='word_1_367' title='bbox 1326 4444 1431 4530; x_wconf 85' lang='grc' dir='ltr'>ἀρχῶν</span> 
     </span>
    </p>

    <p class='ocr_par' dir='ltr' id='par_1_16' title="bbox 315 4540 1431 4701">
     <span class='ocr_line' id='line_1_41' title="bbox 315 4540 1431 4627; baseline -0.002 -21"><span class='ocrx_word' id='word_1_368' title='bbox 315 4543 351 4612; x_wconf 84' lang='grc' dir='ltr'>ἀς</span> <span class='ocrx_word' id='word_1_369' title='bbox 373 4545 566 4610; x_wconf 80' lang='grc' dir='ltr'>ὑποτίθενται</span> <span class='ocrx_word' id='word_1_370' title='bbox 594 4540 809 4627; x_wconf 79' lang='grc' dir='ltr'>διαλαβόντες,</span> <span class='ocrx_word' id='word_1_371' title='bbox 836 4542 935 4610; x_wconf 86' lang='grc' dir='ltr'>οὑτως</span> <span class='ocrx_word' id='word_1_372' title='bbox 956 4543 1077 4626; x_wconf 80' lang='grc' dir='ltr'>ήξωμεν</span> <span class='ocrx_word' id='word_1_373' title='bbox 1102 4542 1178 4626; x_wconf 80' lang='grc' dir='ltr'>πρὸς</span> <span class='ocrx_word' id='word_1_374' title='bbox 1202 4542 1254 4626; x_wconf 80' lang='grc' dir='ltr'>τήν</span> <span class='ocrx_word' id='word_1_375' title='bbox 1276 4541 1351 4626; x_wconf 80' lang='grc' dir='ltr'>ὑπὲρ</span> <span class='ocrx_word' id='word_1_376' title='bbox 1371 4546 1431 4604; x_wconf 80' lang='grc' dir='ltr'>τῶν</span> 
     </span>
     <span class='ocr_line' id='line_1_42' title="bbox 1236 4639 1279 4701; baseline 0 -29"><span class='ocrx_word' id='word_1_377' title='bbox 1236 4639 1279 4701; x_wconf 67' lang='lat'>¹0</span> 
     </span>
    </p>
   </div>
   <div class='ocr_carea' id='block_1_12' title="bbox 0 0 1767 5434">
    <p class='ocr_par' dir='ltr' id='par_1_17' title="bbox 0 0 1767 5434">
     <span class='ocr_line' id='line_1_43' title="bbox 0 0 1767 5434; baseline 0 0"><span class='ocrx_word' id='word_1_378' title='bbox 0 0 1767 5434; x_wconf 95' lang='lat' dir='ltr'> </span> 
     </span>
    </p>
   </div>
  </div>
 </body>
</html>
