3517 5434
859 680 900 740 53
1347 687 1371 748 B
1391 695 1434 752 44.

321 843 422 929 έτερα,
456 843 476 907 ἀ
508 845 584 928 μήτε
613 844 736 930 τρέφειν
770 845 954 929 ἀνθρώπους
984 845 1140 930 ἐπιτήδεια
1170 849 1246 932 μήτε
1267 849 1434 935 περιβολὴν

321 941 499 1023 ένδυμάτων
517 943 664 1028 παρέχειν
685 944 754 1027 μήτ’
778 941 831 1006 οὑν
848 942 990 1026 θηριώδη
1004 943 1055 1006 καὶ
1068 941 1157 1028 ἀγρια
1170 946 1323 1030 τυγχάνει,
1342 945 1434 1030 μόνον

320 1039 356 1102 δὲ
385 1038 504 1123 κόσμου
536 1041 590 1124 τὴν
624 1041 775 1104 ποικιλίαν
807 1040 991 1125 ἀναπληροῖ.
1037 1041 1088 1104 καὶ
1122 1043 1215 1124 δῆλον
1247 1047 1290 1111 ῶς
1317 1042 1435 1107 ἅπαντα

318 1137 422 1222 ήμερά
448 1161 481 1200 τε
506 1142 558 1202 καὶ
587 1139 677 1224 ἄγρια
705 1139 756 1202 καὶ
781 1137 820 1202 τά
848 1136 952 1220 μέσως
973 1135 1085 1223 ἔχοντα
1108 1140 1176 1208 ένδς
1198 1140 1436 1226 ὑποβεβλημένα

320 1235 502 1319 δημιουργία
528 1257 560 1298 τε
588 1236 639 1297 καλ
663 1237 835 1321 βουλήματι
857 1233 1012 1317 διαμένει,
1043 1237 1096 1319 τὴν
1121 1237 1155 1299 δὲ
1180 1238 1467 1323 ἀλληλοφθορίαν5

320 1332 525 1416 διαφεύγοντα
559 1334 609 1394 καὶ
640 1333 790 1400 ποικιλοις
821 1333 1082 1415 πλεονεκτήμασιν
1117 1335 1343 1419 ήσφαλισμένα.
1398 1337 1435 1401 τὰ

321 1429 375 1512 μὲν
403 1429 461 1514 γάρ
490 1429 575 1514 ίσχύν
603 1429 725 1516 ἄμαχον
750 1427 832 1514 ἔχει,
861 1428 899 1492 τά
923 1429 957 1492 δέ
981 1430 1188 1517 ἀσθενέστερα
1210 1439 1255 1518 τῷ
1274 1437 1366 1520 ταχεῖ
1382 1439 1436 1519 τῆς

320 1526 445 1610 φύσεως
466 1527 520 1610 τὴν
547 1530 699 1612 σωτηρίαν
724 1528 881 1611 πορίζεται
909 1528 959 1592 καὶ
980 1526 1062 1592 ἄλλα
1085 1529 1189 1600 ἄλλως
1212 1533 1361 1594 ὥπλισται
1384 1535 1435 1595 καὶ

319 1623 356 1686 τά
377 1625 526 1688 δοκοῦντα
545 1623 649 1688 ἄοπλα
665 1627 824 1710 τυγχάνειν
843 1624 936 1688 ἀλλον
957 1625 1023 1688 τινά
1042 1625 1154 1710 τρόπον
1174 1629 1433 1713 μεμηχανημένην

320 1717 387 1805 ἔχει
412 1722 465 1804 τὴν
495 1721 678 1806 ἀσφάλειαν.
720 1723 740 1805 ή
768 1721 825 1806 γάρ
855 1727 976 1806 πτηνῶν
1006 1720 1103 1808 έλαχε
1133 1724 1222 1808 φύσιν
1248 1727 1267 1809 ἢ
1298 1727 1356 1791 ὑπύ
1375 1731 1431 1811 γήν
1453 1745 1485 1797 ιο

319 1817 525 1881 διαλανθάνει.
567 1819 649 1882 υύτω
677 1822 712 1884 rb
742 1820 797 1902 μέν
827 1818 955 1901 κόσμιον
986 1820 1002 1882 ό
1027 1821 1213 1906 δημιουργὸς
1238 1829 1277 1907 τή
1298 1823 1434 1907 ποικιλίᾳ

317 1913 515 1998 πεπόρισται,
549 1915 716 1980 ἐπανιστῶν
747 1917 782 1980 δὲ
810 1916 848 1979 τά
875 1917 1011 2000 διάφορα
1040 1923 1103 1986 τοῖς
1123 1922 1197 1981 πᾶσι
1220 1918 1358 2002 διανέμει
1379 1919 1433 2003 τήν

318 2011 502 2095 ἀσφάλειαν,
534 2017 577 2081 ῶς
602 2011 638 2076 ἀν
668 2016 764 2099 μηδὲν
797 2014 885 2097 γένος
909 2014 1025 2076 τούτων
1049 2013 1194 2098 ἀσθενείᾳ
1217 2015 1341 2100 φύσεως
1361 2039 1432 2100 προ·

319 2109 411 2172 δοθὲν
442 2110 670 2195 παραπόληται.
713 2113 795 2177 ούτω
829 2112 866 2195 δὴ
896 2112 947 2174 καὶ
973 2112 1048 2195 πρὸς
1076 2111 1129 2180 τάς
1158 2114 1242 2196 ὥρας
1266 2114 1434 2198 ἠμφίεσται

214 2268 219 2279 ,
316 2210 496 2293 περιβολαῖς
521 2209 720 2293 αὐτομάτοις,
749 2209 830 2294 θριξί
852 2232 886 2272 τε
912 2212 1039 2277 πυκναῖς
1060 2209 1111 2272 καλ
1135 2214 1270 2294 στερεοῖς
1291 2209 1432 2295 δέρμασι,
1451 2228 1484 2282 15

241 2337 247 2348 ·
316 2305 470 2389 χειμῶνός
497 2328 530 2369 τε
555 2307 607 2369 καὶ
634 2306 792 2390 καύματος
817 2306 1074 2390 ἀποκρούσασθαι
1094 2307 1147 2390 τήν
1170 2309 1286 2393 βλάβην
1311 2310 1434 2387 ἱκανοῖς,

316 2404 371 2486 τὴν
393 2404 428 2466 δὲ
450 2403 499 2467 ἐπὶ
520 2408 577 2487 γῆς
593 2405 748 2468 ἀνάκλισίν
773 2405 873 2468 τεκαὶ
892 2393 1070 2466 ἀνάπαυλαν
1091 2404 1318 2490 εὐμαρεστέραν
1343 2408 1432 2491 ἀπερ-

315 2500 507 2584 γαζομένοις,
528 2505 571 2570 ῶς
583 2501 724 2585 αὐτοφυῆ
747 2505 904 2586 στρώμνην
927 2501 1109 2564 ὑποκεῖσθαι
1129 2502 1240 2566 δοκεῖν.
1266 2503 1364 2567 καὶτὰ
1377 2505 1432 2587 μὲν

233 2657 239 2666 ,
318 2598 491 2681 ὐλιγογόνια
521 2597 634 2684 ἔλαχεν
665 2600 684 2682 ἢ
718 2603 760 2667 ῶς
789 2601 953 2662 δυσάλωτα
982 2599 1000 2682 ή
1030 2602 1073 2668 ῶς
1093 2597 1303 2684 πολυχρόνια,
1335 2601 1372 2664 τά
1398 2603 1432 2665 δὲ

318 2695 460 2760 εὐάλωτα
490 2699 541 2760 καὶ
568 2703 606 2779 τή
634 2697 706 2759 καθ’
734 2695 852 2780 ἡμέραν
878 2699 989 2781 χρήσει
1014 2695 1254 2780 παραδεδομένα
1277 2704 1317 2783 τή
1338 2703 1430 2764 πολυ·
1448 2711 1483 2767 w

316 2793 404 2876 γονίφ
434 2794 554 2878 διαρκεῖ
577 2817 610 2856 τε
638 2794 690 2857 καὶ
718 2795 858 2864 σώζεται.
905 2793 1022 2878 τροφός
1049 2793 1084 2856 δέ
1111 2793 1223 2856 ἀλλοτε
1247 2794 1343 2866 ἀλλοις
1366 2796 1433 2883 ἔχει

303 2890 369 2953 καὶ
394 2894 458 2959 τοῖς
485 2894 577 2953 πᾶσιν
601 2890 740 2976 ἄφθονος
761 2892 780 2973 ἡ
805 2891 938 2975 χορηγία
960 2889 1129 2974 πρόκειται.
1173 2889 1254 2954 οὑτω
1277 2892 1334 2977 γὰρ
1358 2893 1432 2958 οὐδὲ

317 2990 377 3050 τῶν
399 2987 579 3072 θανασίμων
600 3010 635 3070 γε
653 2987 731 3052 εἶναι
749 2986 958 3072 νομιζομένων
980 2989 1117 3073 βοτανῶν
1135 2987 1266 3072 οὐδεμία
1285 2994 1325 3073 τή
1342 2990 1433 3075 φύσει

316 3105 351 3168 γε
380 3085 524 3169 ὀλέθριος
551 3085 720 3169 γεγένηται.
765 3086 799 3148 τύ
828 3084 886 3169 γὰρ
918 3084 1006 3170 ἀλλιμ
1031 3084 1112 3169 γένει
1144 3085 1307 3171 βλαβερόν,
1336 3086 1432 3174 ἑτέρῳ

287 3203 289 3207 ·
317 3182 352 3246 bb
373 3181 543 3267 ὠφέλιμον,
570 3182 712 3267 ὐλέθριον
736 3184 788 3246 καὶ
812 3183 963 3267 σωτήριον
986 3183 1051 3267 ἅμα
1070 3189 1110 3268 τῇ
1139 3185 1230 3270 φύσει
1252 3189 1341 3249 τοῦτο
1364 3190 1432 3255 πῶς
1447 3197 1482 3251 25

317 3280 354 3344 ἀν
375 3280 510 3364 γένοιτος
533 3281 552 3364 ἡ
576 3279 611 3344 δέ
630 3303 666 3363 γε
684 3285 744 3344 τῶν
765 3279 937 3366 χρωμένων
960 3285 1055 3364 γενῶν
1082 3281 1217 3366 διαφορά
1239 3283 1272 3345 τύ
1293 3283 1431 3348 ποικιλον

316 3383 370 3462 τῆς
398 3379 429 3442 έν
458 3379 577 3448 τούτοις
604 3382 801 3463 παρασκευῆς
828 3380 966 3457 ἀπαιτεῖ,
999 3379 1047 3460 ἵνα
1076 3380 1127 3442 καλ
1156 3379 1187 3441 ἐν
1219 3383 1282 3449 τοῖς
1308 3379 1433 3463 ἀλόγοις
1502 3437 1510 3451 ,

317 3475 402 3562 ἴχνος
427 3477 521 3560 λόγου
549 3476 687 3562 δειχθείη
716 3476 803 3562 νόμιμ
828 3481 883 3539 τοὺ
912 3477 1202 3562 δημιουργήσαντος.
1252 3476 1342 3542 οὐδὲν
1372 3477 1430 3562 γὰρ

316 3571 432 3636 τούτων
460 3576 567 3657 ἀγνοεῖ
592 3577 627 3638 τδ
656 3576 768 3638 οἰκεῖον
794 3576 897 3660 έαυτιγῖ
921 3575 996 3638 οὐδὲ
1019 3574 1069 3638 διά
1090 3575 1143 3658 τὴν
1168 3573 1280 3656 ἄλογον
1304 3575 1354 3637 καὶ
1377 3574 1430 3658 θη·

318 3671 415 3753 ριιύδη
448 3671 538 3755 φύσιν
567 3676 611 3740 ῶς
637 3672 786 3758 τρόφιμον
816 3674 850 3735 τὸ
878 3673 990 3736 ἑαυτοῦ
1016 3671 1186 3755 θανάσιμον
1210 3671 1430 3756 προσφέρεται,
1447 3682 1483 3738 30

318 3767 387 3829 ἀλλ’
417 3766 466 3830 ἐπὶ
494 3771 529 3832 τὸ
553 3769 647 3832 αὐτοῦ
669 3791 704 3850 γε
727 3768 885 3853 ὠφέλιμον
909 3769 1035 3832 ἕκαστον
1060 3770 1152 3853 ὁρμᾷ.
1197 3770 1225 3832 εἰ
1246 3768 1303 3854 γὰρ
1327 3769 1431 3832 ἅπασα

318 3866 430 3951 βοτάνη
452 3865 503 3928 καὶ
521 3865 590 3948 ῥίζα
609 3869 672 3933 τοῖς
691 3869 781 3928 πᾶσιν
801 3867 937 3950 ὑπῆρχεν
962 3865 1128 3950 ἐπιτηδεία,
1147 3865 1236 3950 ἧττον
1252 3865 1287 3930 ἀν
1302 3866 1429 3952 ἐδείχθη

316 3967 371 4025 τού
394 3963 678 4047 δημιουργήσαντος
706 3963 722 4025 b
747 3961 843 4047 νόμος
865 3965 917 4027 καὶ
940 3963 971 4025 ἐν
993 3967 1058 4031 τοῖς
1078 3962 1202 4046 ἀλόγοις
1223 3967 1353 4048 κρατῶν.
1396 3965 1430 4028 τδ

318 4059 353 4122 δὲ
384 4060 536 4145 βλαβερὸν
565 4061 666 4136 ἐνίοις,
697 4060 812 4146 ἑτέροις
835 4061 869 4124 δὲ
898 4061 991 4125 ταύτὸ
1023 4062 1172 4145 σωτήριον
1194 4061 1430 4146 παρακείμενον,

317 4156 509 4240 τρανωτέραν
539 4159 592 4242 τὴν
616 4157 648 4220 ἐν
671 4163 734 4227 τοῖς
754 4161 829 4220 πᾶσι
849 4159 960 4242 σοφίαν
981 4157 1137 4243 κηρύττει,
1170 4158 1215 4221 ότι
1237 4159 1288 4221 καὶ
1312 4157 1342 4220 ἐν
1366 4160 1430 4227 τοῖς
1446 4169 1482 4225 ab

318 4252 442 4334 ἀλόγοις
470 4257 583 4340 φυσική
611 4277 655 4323 τις
681 4255 744 4318 ἐστὶ
771 4260 831 4319 τῶν
861 4257 904 4325 εἰς
930 4257 1047 4342 τροφὴν
1068 4255 1302 4339 παρακειμένων
1325 4254 1345 4337 ἡ
1368 4255 1430 4317 διά-

317 4371 423 4434 κρισις,
444 4350 481 4433 ἧς
501 4356 638 4435 φυσικῶς
655 4374 691 4436 γε
711 4353 830 4439 ἑκάστῳ
852 4355 893 4438 μὴ
917 4354 1056 4438 ἐνούσης,
1077 4351 1214 4434 εὐλόγως
1234 4350 1269 4415 ἀν
1283 4373 1326 4420 τις
1342 4373 1430 4436 κατη-

317 4446 431 4531 γόρησε
452 4451 512 4510 τῶν
534 4448 695 4534 βλαβερῶν
718 4452 761 4519 ῶς
781 4451 815 4514 ἐκ
835 4451 944 4520 κακίας
964 4447 1245 4536 προενηνεγμένων.
1288 4449 1316 4511 εἰ
1338 4448 1372 4512 δέ
1395 4471 1430 4532 γε

317 4542 494 4631 προύλαβεν
522 4545 555 4606 ἐν
582 4549 647 4614 τοῖς
671 4542 762 4633 ζιήοις
782 4548 802 4631 ή
826 4549 939 4634 φυσικὴ
964 4547 1110 4631 διάκρισις
1130 4545 1183 4629 τήν
1206 4545 1301 4630 κρίσιν
1324 4546 1374 4609 καὶ
1395 4546 1429 4610 τὸ
