3517 5434
855 711 896 773 67
1306 724 1327 785 Γ
1349 727 1438 787 ι-τ,

321 874 397 959 πρὸς
419 876 545 959 μείζονα
564 875 709 964 ἀσεβείας
724 878 819 961 ὄγκονΙ
831 878 972 964 ἐξαίρων,
993 880 1241 967 κακοηθέστερον
1255 885 1439 969 ἐλληνισμδν

323 970 492 1055 ἐφηγεῖται,
516 973 561 1041 οίς
582 976 693 1059 σχεδὸν
713 976 790 1059 πρὸς
808 974 931 1039 ἅπασαν
954 978 1237 1063 συμπεριαγόμενος
1254 983 1346 1066 φάσιν
1366 984 1438 1065 δμο-

323 1068 408 1153 δοξίφ
419 1073 520 1132 κακῶν
536 1072 587 1133 καὶ
601 1075 766 1157 σφαλερῶν
781 1072 973 1157 μαθημάτων
986 1074 1040 1157 τῆν
1055 1076 1233 1161 προσθήκην
1247 1082 1307 1143 τῶν
1325 1079 1439 1142 ἑαυτοῦ

320 1167 508 1249 πλασμάτων
532 1171 746 1255 παρεμβάλλει
773 1206 812 1217 -
832 1170 916 1255 παρὰ
939 1170 974 1233 δέ
995 1179 1181 1256 χριστιανοῖς
1199 1174 1237 1237 τὰ
1256 1178 1438 1259 χριστιανῶν

322 1263 415 1347 δῆθεν
440 1268 551 1347 μετιὼν
572 1268 623 1329 καὶ
645 1265 824 1352 πιθανότητι
847 1266 998 1350 ὀνόματός
1017 1290 1050 1331 τε
1071 1275 1197 1354 χριστοῦ
1219 1272 1270 1335 καὶ
1293 1272 1472 1355 βημάτωνε

321 1364 374 1443 τῆς
392 1366 513 1445 γραφῆς
534 1352 697 1431 ἐπιεικείας
716 1362 850 1449 ἐμφάσει
871 1366 921 1427 τδν
944 1366 999 1448 μέν
1021 1365 1113 1429 λόκον
1134 1366 1225 1452 (όπερ
1238 1368 1438 1451 αῦτόςέστιν)

322 1456 447 1521 ἔνδοθεν
480 1460 619 1538 σκέπων,
651 1463 684 1524 τὸ
717 1461 751 1523 δὲ
779 1462 893 1524 κώδιον
923 1460 1038 1531 ἔξωθεν
1065 1464 1309 1549 περιτιθέμενος,
1336 1467 1436 1551 ἀπάτη

322 1556 451 1642 ἀστέρος
472 1564 516 1645 τηῦ
537 1559 668 1646 ποιμνίῳ
689 1559 831 1642 γίγνεται,
854 1560 905 1621 καὶ
927 1560 1009 1624 οῦτω
1031 1561 1068 1645 δὴ
1089 1559 1161 1629 τοὺς
1180 1560 1270 1644 ἧττον
1283 1561 1439 1648 ἔμφρονας

320 1656 527 1738 καταλάμπει.
551 1656 603 1718 καὶ
617 1655 653 1739 δὴ
668 1656 860 1741 προθέμενος
878 1658 1057 1741 καινοτάτην
1075 1656 1218 1743 ἀσέβειαν
1236 1658 1438 1744 ἐρανίσασθαι

293 1754 392 1835 ’παρ’
416 1754 534 1815 ’ἑαυτοῦ
564 1774 597 1814 τε
626 1754 677 1817 καὶ
706 1754 778 1838 παρ’
810 1752 926 1829 ἀλλιυν,
957 1758 1001 1823 ῶς
1025 1755 1062 1818 ἀν
1089 1757 1198 1839 μηδεὶς
1224 1762 1284 1820 τῶν
1312 1760 1435 1842 χριστόν
1457 1774 1488 1827 1⁰

321 1850 538 1932 ἐπεγνωκότων
565 1849 714 1923 ἐξετάζειν
739 1854 811 1932 γοῦν
837 1850 1006 1935 ἐπιχειροίη
1027 1852 1080 1934 τῆν
1102 1853 1265 1938 καινότητα
1284 1859 1343 1917 τῶν
1362 1857 1435 1939 ήρα-

319 1947 468 2031 νισμένων
491 1946 541 2009 ὑπ’
565 1946 660 2010 αὐτοῦ
679 1952 793 2022 κακῶν,
817 1949 1014 2033 παράκλητον
1036 1956 1201 2031 προσεῖπεν
1226 1952 1347 2031 ἑαυτόν,
1370 1952 1435 2016 όνό-

321 2066 415 2129 ματος
438 2046 497 2129 οδχ
522 2044 596 2128 ὑπὲρ
617 2044 780 2129 ἄνθρωπον
803 2045 907 2129 μόνον,
931 2044 1012 2108 ἀλλά
1028 2046 1079 2107 καὶ
1093 2046 1168 2132 ὑπὲρ
1184 2048 1313 2133 άγγελυν
1326 2052 1436 2135 χρήσει

319 2144 352 2205 τὸ
377 2142 534 2223 ἀπατηλὸν
558 2139 696 2222 σκέπων,
722 2142 769 2205 ίνα
792 2148 836 2227 τῷ
859 2144 1023 2228 ἀξιοπίστῳ
1045 2147 1100 2226 τῆς
1120 2148 1328 2231 προσηγορίας
1352 2148 1435 2210 ἀδια-

319 2240 427 2324 κρίτως
458 2240 487 2301 οἱ
514 2240 564 2303 καὶ
589 2238 693 2309 άλλως
722 2240 848 2324 ἀνόητοι
875 2238 1028 2325 δέχωνται
1049 2241 1086 2304 τὰ
1108 2242 1271 2326 λεγόμενα.
1317 2241 1380 2306 ἔστι
1404 2245 1432 2306 δ’
1454 2261 1486 2314 15

320 2336 371 2399 ὅτε
400 2337 451 2399 καὶ
486 2340 528 2405 ὡς
560 2334 733 2407 ἀπόστολος
758 2335 861 2421 Ἰησοῦ
890 2343 1016 2423 χριστοῦ
1046 2339 1212 2425 βαρβάροις
1238 2343 1273 2405 τὸ
1301 2340 1389 2424 γένος
1418 2344 1434 2405 δ

319 2434 475 2520 βάρβαρος
501 2436 552 2499 καὶ
577 2434 666 2518 γένος
691 2434 741 2497 καλ
766 2436 965 2519 γνώμηντὴν
989 2435 1133 2522 ἀσέβειαν
1158 2436 1338 2500 ἐπιστέλλει.
1384 2439 1434 2502 καὶ

318 2533 387 2617 περὶ
411 2532 464 2615 μὲν
488 2533 603 2597 τούτων
629 2532 765 2615 ὕστερον.
808 2530 837 2608 2,
869 2536 930 2595 τῶν
954 2533 989 2595 δέ
1010 2539 1138 2619 γραφῶν
1159 2537 1212 2605 τὰς
1231 2536 1285 2620 μὲν
1305 2537 1433 2598 παλαιο-

318 2629 408 2713 τέροις
432 2630 592 2713 ἀνατίθησι
614 2634 651 2713 τῆ
677 2630 753 2712 πρὸς
777 2630 871 2693 αὐτοῦ
896 2630 1058 2715 λεγομένη*
1072 2634 1180 2718 κακία,
1212 2634 1305 2717 νόμον
1328 2654 1361 2695 τε
1383 2633 1434 2695 καὶ

317 2729 494 2813 προφήτας,
527 2727 563 2791 τὰ
592 2728 627 2791 δὲ
656 2726 818 2810 εὐαγγέλια
839 2728 891 2791 καὶ
914 2726 951 2789 τά
972 2728 1066 2791 λοιπὰ
1084 2734 1263 2813 τῆςκαινῆς
1284 2732 1434 2815 διαθήκης
1451 2745 1486 2799 ευ

319 2826 487 2909 μαθήματα
515 2826 600 2910 παρὰ
629 2824 683 2907 μὲν
711 2830 765 2888 τοῦ
797 2826 917 2908 ἀγαθοῦ
943 2827 1002 2904 (ῶς
1023 2824 1134 2905 οἴεται)
1159 2825 1308 2892 δεδόσθαι
1332 2830 1433 2913 φησίν,

318 2921 393 2984 οῦδὲ
424 2926 519 2984 ταῦτα
552 2923 610 3005 μῆν
642 2922 657 2983 ό
689 2922 968 3007 τῆςβλασφημίας
997 2923 1124 3007 εὑρετής
1153 2924 1370 3009 διισχυρίζεται
1391 2929 1432 2989 δι’

318 3018 393 3081 ὅλου
416 3018 599 3103 καθαρεύειν
623 3024 676 3083 τοῦ
696 3021 755 3098 (ὡς
778 3020 885 3104 φησίν)
913 3019 1050 3082 ἐναντίου
1073 3019 1166 3096 θεοῦ,
1196 3020 1377 3110 ἐνυπάρχειν
1399 3025 1433 3088 δέ

316 3116 367 3177 καὶ
392 3113 511 3184 τοότοις
539 3119 658 3201 (ὥσπερ
678 3117 756 3180 κατὰ
776 3114 841 3179 τινὰ
864 3116 957 3199 μῖξιν)
985 3116 1088 3179 πολλὰ
1110 3121 1164 3200 τῆς
1189 3118 1238 3179 ὑπ’
1263 3117 1358 3183 αὐτοῦ
1381 3144 1432 3184 κα-

317 3212 469 3296 λουμένης
499 3214 573 3296 ῦλης
602 3216 652 3279 καὶ
678 3218 790 3300 χρῆναι
817 3216 914 3275 ταῦτα
934 3211 1117 3298 περιελόντα
1139 3214 1218 3299 μόνα
1241 3214 1312 3278 καθ’
1335 3218 1431 3281 ἑαυτὰ
1449 3229 1483 3283 25

315 3312 503 3387 καταλιπεῖν,
516 3310 546 3373 ά
565 3315 604 3394 τῆ
623 3315 677 3373 τοῦ
698 3312 817 3394 ἀγαθοῦ
839 3310 939 3394 μερίδι
958 3313 1121 3394 λογίζεται.
1138 3312 1236 3393 Ιοότω
1256 3317 1316 3375 τῶν
1338 3314 1432 3397 ἁγίων

315 3411 442 3492 γραφῶν
463 3408 515 3490 τῆν
539 3406 703 3492 διόρθωσιν
725 3412 783 3489 (ῶς
797 3406 905 3480 οἴεται)
918 3406 992 3471 καθ’
1014 3407 1124 3471 ἑαυτὸν
1147 3410 1433 3495 μεταχειριζόμενος

315 3506 365 3567 καλ
390 3504 440 3567 διὰ
461 3510 551 3567 τοῦτο
576 3507 706 3590 μάλιστα
729 3509 851 3591 τολμῶν
873 3507 1070 3590 παράκλητος
1090 3504 1168 3569 εἶναι
1189 3508 1303 3587 δοκεῖν,
1326 3508 1431 3592 τὰμὲν

315 3601 443 3664 πλείονα
462 3603 662 3687 περιγράφει,
696 3603 815 3689 βραχέα
838 3604 872 3667 δὲ
895 3605 1072 3667 καταλιπὼν
1094 3604 1146 3669 καὶ
1167 3607 1220 3686 τῆς
1241 3610 1346 3689 καινῆς
1368 3608 1431 3669 δια-

315 3699 413 3783 θήκης
432 3699 591 3761 ποθοῦντα
606 3703 666 3761 τῶν
684 3705 836 3782 συγγενῶν
858 3700 959 3784 λόγων
980 3701 1034 3783 τήν
1052 3700 1244 3785 συμφωνίαν,
1263 3700 1359 3766 οἴεται
1375 3705 1429 3787 μὲν
1447 3716 1482 3771 ³⁰

314 3798 425 3867 πᾶσαν,
445 3795 616 3879 ἀσφάλειαν
645 3797 873 3884 περιτεθεῖσθαι
895 3802 939 3867 ῶς
961 3797 1039 3882 μόνα
1060 3799 1098 3882 δὴ
1120 3798 1157 3861 τὰ
1182 3799 1337 3882 δυνάμενα
1358 3824 1431 3886 προ-

316 3890 477 3955 σέλκεσθει
504 3893 581 3977 πρδς
610 3892 630 3955 ἀ
659 3894 855 3977 τερατεύεται
883 3898 1132 3972 καταλελοιπώς,
1166 3895 1319 3959 οδδὲνδὲ
1340 3897 1431 3981 ῆττον

315 3991 365 4052 καὶ
396 3994 491 4052 ταῦτα
523 3995 639 4075 σαφῶς,
662 3990 757 4055 αὐτοῦ
788 3991 941 4078 διελέγχει
971 3994 1023 4076 τήν
1053 3992 1184 4077 ἄμετρον
1217 3992 1342 4075 μανίαν,
1378 3997 1456 4071 ῶς,·

316 4086 439 4150 ἐπειδὰν
467 4087 537 4171 περὶ
564 4087 641 4151 αὐτὰ
668 4088 807 4173 γένηται,
839 4089 916 4153 θεοῦ
943 4088 1135 4175 παρέχοντος
1162 4088 1253 4157 δείξει
1279 4093 1387 4175 σαφῶς
1412 4090 1429 4152 ό

315 4183 416 4267 λόγος.
463 4181 493 4255 θ,
527 4184 661 4248 δεικτέον
684 4176 719 4250 δέ
738 4192 870 4271 πρῶτον,
895 4188 980 4262 ὅπως
1002 4186 1114 4269 ἀλογον
1132 4190 1264 4249 ποιεῖται
1283 4189 1335 4271 τῆν
1352 4185 1429 4251 κατὰ
1446 4204 1483 4260 35

314 4286 374 4347 τῶν
398 4280 608 4367 ἀρχαιοτέρων
633 4284 727 4367 ἁγίων
752 4292 879 4369 γραφῶν
905 4285 1113 4371 βλασφημίαν,
1135 4283 1352 4368 παλαιοτέροις
1374 4285 1430 4368 μὲν

247 4374 251 4381 ’
316 4377 411 4441 αὐτοῦ
451 4382 597 4463 πονηροῖς
634 4381 761 4465 ἀνδράσι
798 4384 849 4445 καὶ
883 4386 937 4466 τῆς
980 4383 1143 4466 ἐκκλησίας
1185 4382 1431 4467 ἀποκηρυχθεῖσι

315 4475 392 4538 κατὰ
420 4480 510 4539 τοῦτο
540 4478 751 4563 συνενεχθείς,
784 4484 824 4564 τῆ
852 4480 880 4543 δ’
905 4478 1033 4566 ἀσεβείᾳ
1051 4481 1165 4560 πάντας
1187 4478 1322 4547 ἐκείνους
1343 4480 1430 4563 ὑπερ·

316 4572 518 4659 βαλλόμενος.
562 4574 589 4637 εί
611 4576 665 4659 μὲν
684 4570 749 4653 οῦν,
771 4577 912 4662 καθάπερ
925 4573 1078 4661 Ἕλληνες
1095 4578 1256 4640 ἀπιστοῦσι
1271 4578 1432 4645 παντελῶς

1231 4675 1277 4739 50
