3517 5434
872 647 932 708 113
1316 687 1319 694 ·
1344 651 1453 730 Γρηγόρ.

342 816 393 878 καλ
422 815 439 878 ό
467 811 560 882 αὐτός
586 812 651 876 ἐστι
676 813 750 882 θεὸς
776 814 792 876 ό
813 813 944 896 ἐνεργῶν
967 812 1004 875 τὰ
1025 813 1124 875 πάντα
1148 809 1179 873 ἐν
1199 813 1303 873 πᾶσιν·
1336 809 1455 895 ἑκάστῳ

344 912 380 976 δὲ
404 911 523 976 δίδοται
549 912 569 995 ἡ
596 909 770 996 φανέρωσις
793 914 848 973 τοῦ
868 907 1042 993 πνεύματος
1063 910 1139 992 πρὸς
1159 910 1193 972 τὸ
1220 905 1388 992 συμφέρον.
1430 905 1455 992 ιβ

345 1010 399 1091 μὲν
422 1007 479 1092 γὰρ
502 1007 553 1071 διὰ
572 1013 627 1072 τοῦ
648 1007 822 1091 πνεύματος
844 1006 919 1094 [42]
944 1007 1060 1070 δίδοται
1082 1005 1174 1087 λόγος
1196 1004 1337 1089 [σοφίας,
1360 1003 1456 1089 ἑτέρῳ

344 1105 379 1168 δὲ
403 1103 508 1187 λόγος]
536 1108 682 1188 γνώσεως
702 1102 784 1167 κατὰ
808 1106 842 1168 τδ
865 1104 940 1168 αότδ
960 1109 1098 1187 πνεῦμα,
1131 1101 1228 1187 ἑτέρῳ
1252 1101 1287 1164 δὲ
1308 1101 1404 1168 πίστις
1426 1100 1457 1162 ἐν

342 1206 386 1288 τῷ
413 1202 500 1287 αύτηῦ
524 1202 690 1285 πνεύματι,
720 1199 807 1286 ἄλλῳ
832 1202 867 1264 δὲ
892 1201 1084 1287 ἐνεργήματα
1107 1201 1283 1283 δυνάμεων,
1313 1197 1399 1284 ἄλλῳ
1422 1197 1490 1264 δέῦ

342 1301 528 1386 προφητεία,
551 1299 638 1385 άλλῳ
661 1299 696 1361 δέ
718 1300 863 1384 διάκρισις
880 1301 1075 1383 πνευμάτων,
1098 1297 1194 1382 ἑτέρῳ
1214 1296 1249 1359 δὲ
1267 1295 1339 1381 γένη
1360 1299 1457 1378 γλωσ-

345 1401 422 1461 σῶν·
449 1399 549 1461 πάντα
571 1397 607 1460 δέ
629 1403 726 1463 ταῦτα
747 1396 867 1482 ἐνεργεῖ
888 1399 922 1461 τδ
947 1396 978 1458 ἓν
1000 1397 1106 1460 καὶτὸ
1129 1393 1203 1457 αῦτδ
1227 1399 1357 1478 πνεῦμα,
1384 1395 1457 1457 διαι-

344 1499 416 1577 ροῦν
448 1492 511 1557 ίδια
536 1495 656 1579 ἑκάστῳ
683 1497 789 1564 καθὼς
816 1495 970 1580 βούλεται.
1013 1495 1064 1557 καλ
1090 1493 1229 1577 καθάπερ
1255 1493 1289 1555 τδ
1313 1497 1404 1577 σῶμα
1426 1492 1457 1556 ἐν

345 1591 422 1654 ἐστιν
450 1593 502 1654 καλ
528 1590 606 1676 μέλη
631 1593 733 1655 πολλὰ
758 1590 841 1677 ἔχει,
875 1593 974 1655 πάντα
1001 1592 1036 1654 δὲ
1064 1589 1101 1654 τὰ
1128 1591 1205 1674 μέλη
1234 1595 1288 1654 τοῦ
1317 1593 1459 1674 σώματος

343 1689 445 1752 πολλὰ
475 1688 548 1752 ὄντα
574 1689 605 1752 έν
637 1690 702 1752 ἐστι
729 1693 838 1772 σῶμα,
872 1691 971 1758 οῦτως
993 1689 1044 1752 καὶ
1066 1690 1081 1750 ὁ
1102 1687 1233 1772 χριστός.
1273 1690 1322 1751 καὶ
1346 1688 1403 1772 γὰρ
1426 1687 1457 1751 ἐν
1477 1701 1510 1754 10

345 1787 389 1850 ἑνὶ
421 1785 571 1869 πνεύματι
600 1789 710 1855 πάντες
733 1789 823 1870 ἡμεῖς
851 1789 895 1855 εἰς
923 1787 954 1849 ἓν
984 1791 1084 1868 σῶμα·
1100 1785 1356 1870 ἐβαπτίσθημεν“.
1408 1785 1459 1846 καὶ

343 1884 434 1945 πάλιν
463 1881 546 1965 λέγει
575 1886 623 1961 ,εἰ
652 1884 707 1968 μὲν
736 1884 793 1968 γὰρ
817 1886 833 1948 ὁ
857 1883 1026 1970 ἐρχόμενος
1048 1882 1142 1946 ἄλλον
1161 1880 1280 1964 Ἰησοῦν
1301 1879 1458 1965 κηρύσσει,

345 1978 380 2042 δν
400 1977 458 2042 ούκ
478 1979 678 2065 ἐκηρύξαμεν,
699 1981 718 2066 ἡ
739 1988 861 2066 πνεῦμα
880 1983 984 2066 ἕτερον
1009 1981 1191 2064 λαμβάνετε,
1215 1979 1303 2042 δούκ
1320 1978 1459 2064 ἐλάβετε,

344 2076 364 2160 ἡ
402 2075 562 2160 ῦαγγέλιον
582 2079 697 2164 ἕτερον,
721 2079 737 2143 δ
759 2079 816 2145 οῦκ
838 2080 998 2157 ἐδέξασθε,
1019 2082 1123 2146 καλῶς
1142 2076 1177 2140 ἂν
1200 2076 1355 2162 είχεσθε“.
1387 2079 1461 2161 όρὴς

346 2173 392 2236 ότι
420 2175 593 2260 ἀχώριστόν
621 2176 685 2240 ἐστι
713 2179 748 2242 τδ
776 2183 900 2262 πνεῦμα
932 2181 986 2260 τὴς
1010 2175 1158 2259 θεότητος
1184 2176 1235 2238 καὶ
1263 2173 1320 2238 ούκ
1352 2173 1387 2238 οίν
1418 2196 1461 2242 τις
1479 2185 1511 2238 15

346 2272 484 2358 εόσεβῶς
509 2278 631 2358 φρονῶν
651 2275 761 2359 κτίσμα
786 2275 861 2339 αύτδ
885 2275 1046 2360 ὑπολάβοι.
1092 2273 1122 2335 ἐν
1141 2273 1175 2334 δὲ
1192 2278 1231 2356 τῇ
1250 2267 1459 2357 πρδςἝβραί-

346 2390 401 2437 ους
430 2369 577 2454 ἐπιστολή
603 2372 694 2434 πάλιν
722 2373 835 2458 γράφει
866 2374 966 2442 οῦτως
996 2374 1081 2450 ,πῶς
1111 2371 1200 2454 ἡμεῖς
1233 2368 1460 2456 ἐκφευξόμεθα,

346 2466 528 2550 τηλικαύτης
549 2468 760 2554 ἀμελήσαντες
783 2471 950 2556 σωτηρίας;
980 2472 1045 2556 ήτις
1074 2471 1172 2555 ἀρχὴν
1194 2471 1336 2554 λαβοῦσα
1360 2469 1460 2530 λαλεί-

346 2564 420 2626 σθαι
447 2564 506 2627 ὑπδ
526 2571 581 2628 τοῦ
602 2568 708 2651 κυρίου
731 2569 783 2632 διὰ
804 2575 864 2632 τῶν
889 2567 1084 2630 ἀκουσάντων
1110 2569 1153 2635 εἰς
1170 2568 1252 2650 ἡμᾶς
1273 2563 1460 2650 ἐβεβαιώθη,

348 2664 680 2745 συνεπιμαρτυροῦντος
704 2670 759 2727 τοῦ
789 2666 865 2728 θεοῦ
893 2665 1029 2748 σημείοις
1048 2664 1099 2726 καὶ
1118 2662 1223 2747 τέρασι
1242 2665 1293 2726 καὶ
1311 2663 1462 2731 ποικίλαις
1478 2677 1513 2729 κο

348 2757 497 2839 δυνάμεσι
529 2757 580 2820 καὶ
609 2759 783 2843 πνεύματος
810 2762 897 2842 ἁγίου
928 2763 1117 2843 μερισμοῖς“.
1162 2760 1213 2822 καὶ
1243 2759 1333 2822 πάλιν
1364 2761 1394 2823 ἐν
1424 2765 1463 2844 τή

348 2853 428 2937 αύτή
451 2852 599 2938 ἐπιστολῇ
619 2878 710 2941 φησιν
744 2857 802 2935 ,δι’
827 2858 861 2937 ό,
883 2859 989 2926 καθὼς
1010 2856 1092 2940 λέγει
1111 2857 1144 2920 τδ
1166 2859 1288 2940 πνεῦμα
1307 2857 1341 2919 τδ
1366 2857 1463 2940 άγιον,

349 2953 484 3036 σήμερον
516 2951 569 3014 ἐὰν
598 2957 651 3036 τῆς
679 2960 785 3039 φωνῆς
811 2955 906 3018 αὐτοῦ
933 2954 1100 3037 ἀκούσητε,
1133 2954 1173 3037 μὴ
1201 2954 1387 3038 σκληρύνητε
1410 2955 1464 3024 τὰς

348 3050 475 3134 καρδίας
500 3051 611 3134 ὑμῶν,
631 3054 674 3120 ῶς
702 3051 733 3114 ἐν
755 3057 801 3137 τῷ
821 3045 1073 3137 παραπικρασμῷ
1093 3049 1170 3114 κατὰ
1193 3051 1245 3135 τὴν
1268 3049 1386 3136 ἡμέραν
1407 3056 1462 3116 τοῦ

347 3151 522 3231 πειρασμοῦ
543 3145 575 3209 ἐν
587 3151 627 3231 τῇ
646 3147 764 3235 ἐρήμῳ,
784 3149 821 3213 οὔ
843 3148 1008 3234 ἐπείρασάν
1026 3172 1064 3232 με
1083 3149 1112 3210 οἱ
1128 3146 1259 3233 πατέρες
1275 3149 1372 3232 ὑμῶν,
1395 3148 1461 3212 ἐδο·
1478 3163 1513 3216 25
1536 3199 1539 3204 ·

348 3243 479 3326 κίμασάν
503 3267 541 3329 με
560 3245 612 3308 καὶ
635 3245 717 3308 εἶδον
740 3247 778 3311 τὰ
799 3245 875 3332 ἔργα
894 3269 953 3331 μου
967 3247 1191 3330 τεσσεράκοντα
1212 3243 1281 3330 ἔτη·
1305 3246 1344 3308 δι’
1360 3246 1376 3310 δ
1390 3270 1461 3332 προ-

350 3340 493 3427 σώχθισα
523 3347 563 3427 τή
589 3349 681 3429 γενεᾷ
704 3345 800 3429 ταύτῃ
828 3344 881 3408 καλ
906 3342 990 3407 εἶπον
1008 3341 1076 3406 Ἀεὶ
1095 3345 1271 3407 πλανῶνται
1293 3349 1333 3428 τῇ
1353 3345 1463 3429 καρδίη

349 3439 467 3520 αότῶν,
500 3439 576 3504 διότι
608 3441 666 3504 οῦκ
695 3438 831 3525 ἔγνωσαν
859 3440 914 3510 τὰς
942 3439 1033 3510 ὁδούς
1063 3461 1138 3524 μου,
1167 3443 1209 3510 ῶς
1239 3440 1350 3525 ῶμοσα
1373 3441 1404 3504 ἐν
1425 3446 1464 3525 τῇ

350 3536 430 3620 ὀργή
450 3559 509 3620 μου
532 3535 570 3601 Εἰ
591 3539 818 3604 εἰσελεύσονται
838 3539 882 3608 είς
902 3539 955 3623 τὴν
976 3538 1164 3602 κατάπαυσίν
1181 3546 1273 3617 μου“.
1307 3537 1464 3623 κιγίνταῦθα

349 3633 547 3697 άκουέτωσαν
570 3630 697 3698 Παύλου
721 3638 874 3720 μηδαμῶς
897 3637 1084 3722 χωρίζοντος
1106 3636 1140 3698 τδ
1167 3641 1289 3720 πνεῦμα
1315 3635 1349 3698 τδ
1377 3635 1461 3720 άγιον
1479 3646 1514 3700 30

349 3732 403 3812 τὴς
425 3727 573 3813 θεότητος
592 3735 647 3794 τοῦ
669 3735 785 3817 πατρὸς
804 3734 855 3796 καὶ
877 3737 932 3796 τοῦ
956 3736 1041 3812 οίοῦ,
1069 3733 1150 3798 ἀλλὰ
1174 3738 1281 3819 σαφῶς
1298 3734 1465 3818 δηλοῦντος

349 3826 403 3909 τὴν
437 3831 491 3890 τοῦ
525 3829 612 3912 άγίου
643 3829 817 3914 πνεύματος
849 3830 1010 3894 διαλαλιολν
1041 3823 1076 3894 ἐκ
1107 3835 1276 3914 προσώπου
1303 3836 1358 3894 τοῦ
1387 3831 1462 3895 θεοῦ

350 3923 550 4009 ὑπάρχουσαν
573 3927 625 3990 καὶ
648 3927 747 3996 οῦτως
769 3927 831 3991 ἀπὸ
854 3926 932 3990 θεοῦ
954 3927 1128 4012 εἰρημένην,
1151 3929 1257 3997 καθιδς
1278 3925 1465 3992 ἀποδέδοται

351 4019 383 4083 ἐν
411 4026 477 4090 τοῖς
498 4024 734 4110 προειρημένοις
758 4024 871 4108 ῥητοῖς.
915 4023 965 4088 διὰ
993 4029 1082 4089 τοῦτο
1108 4023 1165 4108 γὰρ
1192 4025 1235 4094 είς
1255 4025 1368 4108 θεδςὴ
1394 4025 1465 4108 ἁγία

283 4105 287 4113 ’
349 4118 433 4201 τριὰς
454 4121 628 4190 πιστεύεται
648 4123 700 4186 καί
721 4125 936 4206 προσκυνεῖται
957 4119 1035 4186 κατὰ
1056 4120 1093 4184 τὰ
1117 4121 1151 4184 ἐκ
1170 4124 1224 4205 τῆς
1241 4122 1328 4190 θείας
1344 4125 1465 4207 γραφῆς
1481 4133 1516 4188 35

351 4218 596 4302 μαρτυρηθέντα,
612 4221 640 4282 εἰ
652 4221 704 4284 καλ
715 4219 754 4282 τὰ
767 4212 898 4302 μάλιστα
909 4222 1068 4304 πανταχοῦ
1083 4219 1144 4283 ἀπὸ
1158 4223 1216 4281 τῶν
1230 4218 1323 4282 θείων
1337 4221 1464 4302 γραφῶν

351 4313 554 4399 ἀναρίθμητοι
580 4317 776 4381 διδασκαλίαι
805 4305 878 4402 ἡμῖν
909 4318 1098 4403 ὑπάρχουσι,
1128 4319 1399 4400 συμμαρτυροῦσαι
1427 4319 1466 4399 τή

350 4411 541 4497 ἀποστολική
562 4415 613 4478 καί
636 4415 872 4502 ἐκκλησιαστική
892 4415 999 4480 πίστει.

1273 4615 1293 4675 8
