3517 5434
310 729 364 778 erp.
385 707 427 760 u.
718 704 794 778 Πρῦε
807 700 973 774 Ἀσκληπιόν.
1319 706 1370 760 133

310 859 495 948 πάσχουσιν
517 863 549 925 οῖ
571 861 723 926 τοιοῦτοι.
758 853 818 926 τὸν
838 855 905 946 γάρ
919 853 1006 926 θεὸν
1021 853 1204 950 φάσκοντες
1226 856 1371 946 εὐσεβεῖν

135 956 137 1039 l
311 997 345 1039 τε
367 976 425 1040 καὶ
446 970 604 1055 εὐλογεῖν,
634 972 683 1053 τῷ
710 966 757 1054 μὴ
785 966 847 1051 τὴν
875 971 942 1036 τῶν
962 966 1097 1038 πάντων
1121 970 1256 1048 ποίησιν
1278 969 1368 1055 αὐτῷ

278 1083 519 1162 εάνατιθέναι,
542 1078 617 1148 οῦτε
638 1075 700 1147 τὸν
720 1076 808 1148 θεὸν
828 1081 936 1148 ίσασι·
958 1077 1042 1171 πρὸς
1064 1082 1098 1148 δὲ
1120 1082 1166 1166 τῷ
1187 1077 1233 1168 μὴ
1249 1084 1370 1150 εἰδέναι

311 1199 367 1262 καί
390 1190 432 1260 τά
454 1199 593 1279 μέγιστα
616 1199 662 1269 τίς
684 1189 786 1261 αὐτὸν
808 1191 976 1276 ἀσεβοῦσι,
998 1189 1114 1268 πάθος
1137 1189 1226 1278 αὐτῷ
1247 1215 1369 1280 περιτι-

310 1309 428 1382 θίντες
461 1303 650 1396 ὑπεροψίαν
678 1300 700 1384 ἢ
728 1303 918 1389 ἀδυναμίαν
948 1297 969 1384 ἢ
996 1299 1137 1387 άγνοιαν
1165 1298 1188 1383 ἢ
1216 1301 1369 1395 φθόνον·

279 1423 340 1484 θεῖ
362 1413 426 1504 γάρ
448 1412 495 1503 μὴ
518 1416 630 1483 πάντα
651 1427 753 1494 ποιεῖ,
780 1414 1003 1506 ῦπερηφοινοῖν
1019 1412 1072 1484 ,οὐ
1092 1423 1181 1481 ποιεῖ
1201 1410 1223 1497 ἢ
1245 1412 1291 1501 μη“
1315 1417 1370 1482 δυ-

311 1525 456 1615 νάμενος
477 1524 499 1608 ἢ
521 1526 652 1612 ἀγνοῶν
674 1523 697 1607 ἢ
718 1529 879 1615 φθονῶν·
903 1521 982 1612 ὅπερ
1005 1527 1095 1592 ἐστὶν
1116 1524 1241 1609 ἀσεβές.

375 1638 414 1704 Ὁ
435 1633 499 1724 γάρ
522 1634 606 1716 θεὸς
628 1640 662 1704 ἓν
684 1633 790 1721 μόνον
811 1634 927 1713 πάθος
950 1639 1027 1721 ἔχει,
1049 1635 1088 1702 τὸ
1111 1633 1267 1719 ἀγαθόν·
1295 1635 1314 1702 ὁ
1338 1638 1373 1704 δὲ
1397 1633 1417 1700 9

279 1746 450 1834 θάγαθὸς
477 1744 550 1815 οῦτε
579 1745 792 1840 ὑπερήφανος
821 1743 896 1814 οὔτε
920 1743 1086 1822 ἀδύνατος
1108 1741 1181 1812 οὔτε
1204 1744 1246 1813 τά
1269 1743 1370 1813 ἄλλα·
1394 1663 1429 1830 ά

314 1863 413 1928 τοῦτο
436 1856 500 1947 γάρ
529 1866 617 1929 ἐστιν
639 1858 658 1926 ὁ
681 1855 780 1939 θεός,
810 1860 849 1926 το“
870 1856 1026 1943 ἀγαθόν,
1054 1849 1080 1942 ᾧ
1109 1861 1203 1926 πᾶσα
1233 1854 1372 1943 δύναμις

315 1975 377 2038 τοῦ
397 1981 503 2037 ποιεῖν
523 1969 567 2036 τὰ
588 1967 717 2037 πάντα·
737 1973 808 2037 πᾶν
830 1972 865 2037 δὲ
887 1965 926 2036 τὸ
948 1961 1107 2054 γεννητὸν
1129 1965 1193 2034 ὑπὸ
1209 1971 1270 2036 τοῦ
1286 1972 1373 2036 θεοῦ
1396 1981 1400 1988 “

264 2097 298 2150 12
315 2087 462 2169 γέγονεν,
491 2078 571 2169 ὅπερ
594 2084 683 2148 ἐστίν
704 2078 769 2148 ὑπὸ
791 2084 853 2147 τοῦ
872 2079 1012 2161 ἀγαθοῦ
1033 2083 1089 2147 καὶ
1116 2083 1177 2146 τοῦ
1197 2074 1240 2146 τά
1263 2078 1373 2147 πάντα

316 2197 500 2280 δυναμένου
526 2204 641 2260 ποιεῖν.
688 2199 715 2259 ei
737 2195 786 2274 δέ,
813 2174 882 2270 πῶς
910 2195 970 2276 μὲν
992 2189 1091 2270 αὐτὸς
1119 2199 1219 2271 ποιεῖ,
1248 2197 1316 2270 πῶς
1338 2194 1374 2258 δὲ

316 2303 360 2372 τά
380 2302 539 2391 γινόμενα
553 2308 688 2390 γίνεται,
700 2300 814 2389 βούλει
827 2307 966 2391 μαθεῖν,
989 2304 1093 2384 ἔξεστί
1108 2325 1178 2372 σοι·
1201 2306 1249 2372 ῖόὲ
1264 2301 1374 2371 είκόνοι
1399 2299 1440 2367 10

266 2431 299 2484 15
316 2420 494 2499 καλλίστην
508 2421 565 2484 καὶ
586 2414 796 2502 ὁμοιοτάτην,
811 2409 957 2504 γεωργῦν
971 2421 1103 2502 σπέρμα
1117 2413 1373 2502 καταβάλλοντα

388 2598 411 2649 l.
429 2598 455 2650 θ.
473 2592 588 2663 εῦσεβεῖν
604 2617 634 2649 τε
651 2595 707 2663 καί]
725 2596 760 2648 aie
777 2595 845 2668 Cyr.,
861 2617 914 2650 om.
931 2595 1031 2666 reliqui.
1101 2595 1127 2648 3.
1146 2595 1236 2663 innui]
1255 2596 1290 2652 ric
1308 2596 1375 2668 Cyr.,

389 2686 476 2737 οἴδασι
493 2682 594 2751 reliqui.
640 2682 665 2735 4.
679 2683 783 2748 πάθος]
801 2683 837 2734 rie
853 2682 922 2756 Cyr.,
940 2682 1021 2751 πάθη
1037 2682 1138 2752 reliqui.
1185 2684 1210 2735 5.
1228 2681 1248 2752 ἢ
1265 2678 1375 2752 ἄγνοιαι

388 2767 405 2836 ἢ
423 2765 540 2838 φθάνον]
558 2768 594 2818 aie
611 2767 686 2828 Patr..
704 2788 755 2819 om.
773 2768 872 2836 reliqui.
958 2768 983 2821 6.
1002 2767 1174 2840 ῦπερηφανῶν
1192 2765 1223 2822 οῦ
1241 2767 1322 2835 ποιεῖ]
1342 2768 1377 2820 sie

390 2853 457 2926 Cyr.,
475 2850 494 2922 ἢ
511 2849 683 2924 ὑπερήφανός
700 2857 770 2905 ἐστιν
787 2851 888 2921 reliqui.
937 2854 962 2905 7.
981 2851 1000 2919 ἢ
1016 2849 1116 2922 ἀγνοῶν
1132 2851 1152 2921 ἢ
1170 2855 1293 2923 φθονοῦν
1311 2853 1377 2920 (lege

391 2935 529 3009 φθονῦν)]
548 2939 584 2990 eie
601 2938 677 2999 Patr..
694 2958 746 2989 om.
768 2937 868 3007 reliqui.
958 2937 982 2990 9.
1003 2934 1065 2990 οῦτε
1083 2937 1120 2990 τοὶ
1138 2933 1220 3003 ἄλλα]
1248 2939 1282 2990 ain
1299 2939 1376 3002 Patr,

391 3047 443 3078 orn.
460 3025 558 3095 reliqui.
648 3024 690 3076 10.
708 3024 814 3093 poetri
832 3023 892 3076 libri
910 3025 968 3076 add.
986 3023 1047 3095 γὰρ,
1065 3043 1115 3074 orn.
1136 3022 1193 3094 Cyr.
1223 3018 1236 3091 ll
1291 3015 1323 3093 ᾧ]
1342 3025 1376 3075 sic

391 3112 459 3185 Cyr.,
475 3111 491 3180 ἦ
509 3110 608 3180 reliqui.
681 3109 721 3162 13.
741 3114 764 3162 ei
782 3109 818 3174 δή
836 3109 872 3162 sic
890 3111 957 3184 Cyr.,
976 3112 1014 3164 ill
1031 3108 1130 3179 reliqui.
1202 3109 1243 3162 11.
1262 3123 1319 3180 post
1335 3114 1377 3178 γί-

391 3219 463 3252 νεται
486 3197 546 3249 libri
569 3198 626 3249 add.
649 3199 694 3250 aul
713 3200 749 3257 εί,
767 3217 817 3248 orn.
837 3196 895 3270 Cyr.
925 3193 938 3266 ΙΙ
993 3195 1042 3263 iul]
1061 3196 1096 3248 aic
1114 3194 1181 3268 Cyr.,
1198 3198 1260 3248 ἰδεῖν
1277 3195 1376 3264 reliqui.

391 3287 433 3337 15.
453 3299 509 3337 ante
526 3283 641 3355 γεωργὸν
658 3282 718 3334 libri
736 3283 793 3336 add.
813 3285 858 3346 ἰδὲ,
876 3304 926 3336 our.
947 3281 1003 3356 Cyr.
1024 3278 1038 3351 Η
1075 3286 1217 3355 σπέρματα
1234 3280 1265 3333 Β.

321 3431 381 3468 cum
399 3413 469 3466 enim
487 3409 566 3466 deum
584 3411 708 3466 venerari
725 3429 756 3465 ee
774 3419 801 3465 et
818 3408 927 3467 laudare
945 3409 1044 3478 dicant,
1063 3411 1125 3486 qnia
1144 3409 1241 3464 einen
1259 3407 1379 3464 tribuant

322 3499 438 3554 omnium
457 3495 635 3563 efficientiam,
653 3515 741 3572 neque
759 3494 837 3552 deum
853 3498 953 3566 aeiunl;
973 3507 1000 3554 et
1011 3506 1197 3576 praeterquam
1212 3515 1267 3551 nnn
1278 3504 1378 3552 norunt

321 3585 401 3639 etiam
418 3585 531 3639 maxime
549 3585 577 3637 in
595 3602 654 3638 enm
673 3592 738 3638 eunt
755 3583 839 3659 impii,
857 3585 998 3657 perniones
1017 3585 1042 3640 ei
1058 3581 1209 3638 tribuentes
1225 3581 1377 3658 superbiam

322 3667 368 3724 vel
393 3670 577 3743 impotentiam
603 3666 647 3723 rel
674 3669 849 3744 ignorantiam
873 3667 916 3723 vel
940 3669 1074 3726 invidiam.
1119 3687 1179 3723 nem
1197 3669 1220 3723 ai
1239 3687 1293 3722 non
1316 3667 1379 3723 iacit

323 3763 427 3820 anneta,
445 3752 489 3808 vel
506 3753 666 3829 superbiens
683 3773 739 3809 nan
756 3752 820 3809 iaeii
836 3752 882 3808 vel
899 3755 1032 3830 impotens
1050 3753 1230 3830 velignorana
1248 3752 1293 3810 vel
1311 3755 1378 3810 invi·

324 3839 399 3895 dene.
435 3837 508 3914 qued
526 3838 634 3914 quidem
652 3841 762 3915 impium
780 3849 829 3895 eet.

376 3925 452 3982 Deua
471 3926 541 3981 enim
561 3944 639 3980 unam
659 3924 745 3980 nolam
762 3926 917 4002 passionem
935 3924 1029 3994 babet,
1052 3929 1140 4005 ipsum
1158 3926 1270 3996 bonn1n3
1291 3925 1379 3982 bnnua

322 4033 387 4069 vero
406 4032 492 4087 neque
509 4011 644 4089 superbus
661 4030 748 4086 neque
765 4013 901 4087 impotens
919 4031 1007 4087 neque
1023 4010 1082 4069 alia.
1104 4012 1149 4069 bic
1167 4015 1237 4069 enim
1256 4012 1332 4080 dena,
1350 4012 1379 4068 id

323 4109 365 4155 eut
382 4099 496 4165 bonnm,
521 4098 564 4153 cui
585 4099 708 4153 universa
731 4098 852 4175 potentia
877 4107 920 4153 ert
938 4096 1052 4153 faciendi
1074 4099 1171 4167 omnim
1194 4119 1271 4154 omne
1293 4108 1379 4154 antem

323 4185 439 4257 genitum
457 4205 472 4238 a
491 4183 541 4239 deo
560 4185 750 4260 genitumst,
769 4183 797 4240 id
816 4193 859 4240 eat
877 4204 891 4239 n
910 4185 981 4240 bono
1000 4194 1027 4240 et
1045 4187 1149 4262 polenii
1173 4195 1266 4242 cuneta
1285 4184 1379 4240 faeere.

323 4271 348 4323 ai
366 4268 481 4343 quidem,
500 4269 634 4345 quomodo
652 4271 712 4346 ipre
729 4269 809 4327 iaciat
826 4280 854 4326 el
873 4270 1008 4348 quomodo
1026 4270 1095 4328 laeta
1113 4271 1187 4338 fiant,
1205 4273 1247 4326 via
1266 4269 1380 4338 discere,

323 4354 389 4410 lieet
410 4355 469 4410 tibi.
509 4355 573 4410 vide
594 4359 734 4432 imaginem
761 4357 966 4434 pulcherrimum
990 4367 1017 4414 ει
1039 4357 1211 4429 simillimam,
1239 4356 1380 4431 agricolam

325 4460 416 4498 remen
433 4442 574 4498 iacientem
589 4443 738 4511 interram,
756 4443 855 4501 rlienbi
866 4442 1035 4512 frumentum,
1054 4443 1152 4500 nlienbi
1164 4461 1228 4500 vero
1240 4441 1379 4509 hordeum,
