3517 5434
867 616 927 678 ¹19
1373 623 1453 684 Ἰοόλ.

339 787 430 866 σῶμα
446 787 461 863 [
462 827 707 846 .............
708 788 722 863 ]
742 784 758 846 ὁ
778 782 881 866 κύριος
897 783 947 844 καὶ
961 779 1038 844 κατὰ
1052 785 1141 844 τούτο
1157 781 1329 845 διαλλάττει
1341 785 1454 850 παντὸς

339 882 496 963 σώματος·
524 879 599 944 οὐδὲ
619 880 676 963 γὰρ
699 880 781 948 όλως
803 880 834 941 ἐν
858 880 957 962 μήτρρ
978 878 1157 962 συνελήφθη
1180 880 1276 962 χωρὶς
1295 878 1452 962 θεότητος,

339 977 407 1039 ἀλλ’
430 976 694 1064 ήνωμένωςιπρδς
714 976 837 1060 ταύτην,
858 980 901 1045 ὡς
922 975 1079 1058 όάγγελός
1099 998 1189 1059 φησιν
1214 981 1354 1058 ,πνεῦμα
1367 976 1452 1058 άγιον

339 1073 539 1138 ἐπελεύσεται
569 1074 618 1137 ἐπὶ
648 1075 683 1136 σὲ
711 1075 761 1136 καὶ
790 1075 916 1157 δύναμις
940 1074 1066 1158 ὑψίστου
1095 1070 1168 1159 [76]
1198 1073 1368 1136 ἐπισκιάσει
1390 1096 1453 1136 σοι·

339 1171 377 1232 δι’
400 1170 486 1233 δκαλ
506 1173 540 1236 τδ
561 1174 752 1256 γεννώμενον
775 1173 860 1254 ἀγιον
883 1169 1071 1252 κληθήσεται
1093 1173 1158 1239 υίὸς
1178 1170 1286 1234 θεοϋ“.
1323 1171 1374 1232 καὶ
1399 1175 1450 1233 νῦν
1469 1187 1486 1242 5

338 1266 466 1350 οὐρανία
493 1267 643 1344 κάθοδος,
678 1269 715 1332 οὐ
748 1268 841 1352 μόνον
870 1265 1008 1350 γέννησις
1035 1269 1053 1350 ή
1081 1267 1115 1330 ἐκ
1141 1267 1292 1350 γυναικός.
1336 1264 1454 1350 εἴρηται

336 1363 394 1447 γὰρ
416 1364 453 1427 ού
476 1364 569 1447 μόνον
590 1367 623 1427 τὸ
650 1365 834 1448 ,γενόμενον
850 1364 885 1427 ἐκ
897 1363 1048 1445 γυναικός,
1066 1365 1230 1448 γενόμενον
1252 1365 1310 1426 ύπδ
1326 1362 1453 1446 νόμον“,

338 1460 418 1525 ἀλλὰ
439 1462 491 1524 καὶ
522 1461 645 1539 ,οὐδεὶς
666 1463 857 1548 ἀναβέβηκεν
878 1461 922 1528 εἰς
943 1461 993 1524 τδν
1019 1461 1161 1545 οὐρανόν,
1185 1463 1212 1524 εἰ
1236 1462 1317 1544 μὴ.ύ
1343 1461 1377 1524 ἐκ
1398 1466 1452 1524 τού

338 1557 472 1640 ούρανοῦ
493 1561 645 1644 καταβάς,
674 1562 690 1624 ὁ
715 1562 780 1628 υίὸς
799 1563 853 1621 τοῦ
875 1559 1076 1642 ἀνθρώπου“.
1117 1559 1167 1622 καὶ
1190 1558 1246 1621 οὐκ
1267 1557 1345 1622 ἔστιν
1370 1559 1454 1627 ἰδίως

336 1655 446 1738 κτίσμα
468 1656 502 1718 τδ
524 1660 615 1739 σῶμα
635 1658 742 1731 εἰπεῖν,
769 1657 940 1740 ἀχώριστον
966 1655 998 1722 δν
1025 1654 1142 1718 ἐκείνου
1166 1657 1287 1724 πάντως
1306 1655 1341 1718 οὔ
1362 1657 1453 1738 σῶμά
1472 1675 1505 1726 10
1623 1653 1624 1658 ’

338 1751 435 1831 ἐστιν,
462 1752 544 1816 ἀλλὰ
569 1756 622 1835 τῆς
647 1759 700 1817 τοῦ
725 1755 865 1818 ἀκτίστου
887 1755 1108 1833 κεκοινώνηκεν
1133 1751 1308 1833 ἐπωνυμίας
1330 1753 1454 1835 καὶτῆς

337 1854 391 1912 τού
412 1849 488 1911 θεοῦ
511 1851 661 1932 κλήσεως,
685 1851 730 1914 ὅτι
749 1853 826 1935 πρδς
844 1850 974 1932 ἑνότητα
996 1849 1062 1932 θεῷ
1083 1853 1245 1931 συνῆπται,
1271 1849 1341 1911 καθ’
1367 1848 1453 1911 ἃλέ-

336 1967 421 2026 γεται
449 1944 496 2007 ότι
528 1947 565 2022 ,ό
589 1946 679 2029 λόγος
702 1948 776 2033 σὰρξ
800 1947 940 2030 ἐγένετο“
970 1945 1021 2008 καὶ
1043 1944 1127 2028 παρὰ
1150 1951 1194 2029 τῷ
1217 1945 1381 2030 ἀποστόλιρ
1416 1947 1452 2021 ,ὁ

338 2039 468 2125 ἔσχατος
486 2041 590 2127 Ἀδὰμ
609 2045 653 2112 εἰς
671 2052 793 2129 πνεῦμα
814 2048 1020 2117 ζωοποιοόν“.
1058 2043 1107 2104 δεῖ
1126 2044 1160 2106 δὲ
1177 2044 1269 2125 ήμάς,
1293 2043 1397 2124 ὥσπερ
1416 2042 1453 2104 τὰ

338 2136 448 2207 ἔνδοξα
473 2138 518 2224 τῷ
547 2144 666 2224 σώματι
692 2144 909 2226 τροσάπτομεν
937 2141 971 2204 ἐκ
997 2145 1050 2223 τῆς
1076 2140 1164 2208 θείας
1191 2140 1376 2223 συλλήψεως
1401 2141 1452 2202 καὶ
1471 2154 1504 2208 15

336 2239 389 2316 τῆς
410 2237 486 2319 πρὸς
507 2238 580 2302 θεδν
603 2239 756 2323 ἑνότητος,
780 2241 862 2304 οὕτω
883 2237 990 2302 καὶτὰ
1011 2236 1108 2308 ἄδοξα
1129 2237 1166 2300 τά
1189 2239 1248 2300 ἀπὸ
1273 2241 1326 2298 τοῦ
1351 2237 1453 2319 σώμα-
1542 2285 1546 2294 .

337 2355 387 2400 τος
416 2335 458 2416 μὴ
487 2336 663 2419 ἀρνεῖσθαι,
692 2338 771 2424 ἅπερ
798 2339 861 2400 ἐστὶ
886 2338 920 2400 τδ
947 2334 1111 2418 ,γενέσθαι
1136 2335 1170 2398 ἐκ
1191 2335 1351 2417 γυναικδς“
1376 2333 1455 2397 κατὰ

336 2431 387 2494 τδν
421 2431 593 2497 ἀπόστολον
619 2438 674 2500 Ικαὶ
704 2438 737 2500 τὸ
773 2435 969 2515 ,πλασθῆναι
1003 2432 1037 2496 ἐκ
1069 2433 1186 2502 κοιλίας
1219 2434 1330 2496 δοῦλον
1367 2433 1450 2517 θεῷ“

336 2528 414 2591 κατὰ
441 2531 491 2592 τὸν
520 2534 699 2617 προφήτην,
730 2538 763 2600 τὸ
791 2534 873 2601 όλως
896 2531 1060 2614 ἄνθρωπον
1086 2531 1294 2614 ὀνομάζεσθαι
1316 2533 1366 2595 καὶ
1389 2533 1453 2596 υίδν

338 2627 524 2710 ἀνθρώπου,
552 2630 586 2692 τδ
616 2631 816 2713 ἀριθμεῖσθαι
846 2627 923 2712 μετὰ
944 2627 1090 2713 Ἀβραὰμ
1114 2627 1231 2696 πολλὰς
1252 2628 1359 2710 γενεάς
1382 2630 1450 2713 μεθ’
1470 2642 1505 2696 νο

337 2723 373 2792 ἃς
390 2723 512 2806 γέγονεν
533 2724 705 2808 ἄνθρωπος.
741 2727 943 2810 ἀνθρωπίνως
966 2724 1068 2808 μέντοι
1083 2726 1133 2788 καὶ
1151 2723 1248 2806 λέγειν
1263 2726 1314 2788 καὶ
1332 2727 1452 2790 ἀκούειν

337 2820 415 2903 χρή,
446 2820 561 2903 ὥσπερ,
593 2821 644 2884 ότε
676 2821 749 2886 ὅλον
777 2820 942 2904 ἅνθρωπος
974 2823 1121 2896 καλεῖται,
1156 2823 1195 2904 μή
1219 2844 1262 2890 τις
1285 2822 1454 2906 ἀρνήσηται

337 2917 390 2998 τὴν
419 2917 506 2978 θείαν
535 2917 660 2996 οὐσίαν,
691 2921 745 3004 τήν
775 2923 819 3002 τῷ
845 2917 972 3001 δνόματι
999 2918 1075 3001 μετὰ
1102 2924 1156 2982 τοῦ
1180 2921 1323 3001 σώματος
1344 2921 1452 3002 δηλου·

338 3013 443 3097 μένην,
465 3016 517 3077 καὶ
538 3015 590 3079 ότε
613 3017 725 3086 δοῦλος
746 3018 825 3080 κατὰ
839 3019 878 3080 τὸ
902 3021 993 3099 σῶμα
1019 3016 1220 3099 ὀνομάζεται,
1244 3017 1283 3098 μή
1303 3038 1346 3082 τις
1363 3017 1452 3099 ἀρνή-

337 3135 426 3194 σηται
447 3113 500 3195 τήν
524 3115 712 3197 κυριευτικήν
738 3116 838 3198 φύσιν,
861 3114 1005 3182 δουλείας
1027 3112 1155 3196 δνόματι
1177 3113 1253 3196 μετὰ
1272 3117 1326 3174 τοῦ
1350 3115 1451 3196 στόμα-
1470 3129 1504 3182 25

337 3232 389 3278 τος
405 3209 609 3293 δηλουμένην,
632 3212 683 3273 καὶ
702 3213 803 3288 πάλιν,
824 3212 875 3275 ὅτε
896 3214 1116 3298 καταβεβηκὼς
1137 3211 1167 3280 ἐξ
1187 3210 1321 3294 ούρανοῦ
1344 3210 1452 3294 κηρύσ·

338 3331 423 3372 σεται
443 3307 607 3392 ἄνθρωπος
629 3308 821 3393 ἐπουράνιος,
846 3311 887 3393 μή
911 3332 953 3376 τις
973 3309 1141 3394 ἀρνήσηται
1161 3309 1213 3391 τήν
1233 3313 1286 3370 τοῦ
1310 3312 1454 3391 σώματος

337 3407 398 3470 ἀπὸ
431 3410 487 3488 γῆς
516 3406 593 3489 πρὸς
624 3406 757 3491 θεότητα
788 3407 977 3490 συμπλοκήν.
1021 3407 1057 3470 οὐ
1090 3405 1282 3489 διατέμνεται
1311 3405 1364 3488 μὲν
1394 3404 1451 3489 γὰρ

338 3502 412 3566 οὐδὲ
434 3505 589 3587 πράγματι
612 3503 686 3568 οὐδὲ
710 3503 847 3588 ὀνόματι,
870 3503 922 3566 ὅτε
944 3505 1055 3572 δοῦλος
1077 3504 1092 3567 ό
1115 3503 1217 3586 κύριος
1240 3504 1378 3566 καλεῖται
1402 3503 1453 3566 καί

338 3599 389 3661 ὅτε
417 3600 552 3668 πλαστδς
582 3602 597 3665 ό
626 3601 763 3670 ἀκτιστος
791 3602 974 3685 ὀνομάζεται
1005 3607 1043 3685 τή
1067 3601 1218 3686 συναφείηι
1240 3604 1278 3682 τῇ
1300 3603 1376 3684 πρδς
1398 3602 1450 3684 τὴν
1469 3611 1504 3664 30

337 3697 390 3760 τού
421 3695 536 3760 δούλου
567 3700 688 3783 μορφὴν
717 3699 768 3761 καὶ
793 3700 870 3782 πρδς
892 3699 925 3760 τὸ
949 3699 1165 3784 πλασσόμενον
1196 3703 1294 3781 σῶμα.
1341 3700 1451 3781 ὁμολο-

336 3801 434 3878 γεῖται
464 3797 500 3860 δὲ
530 3797 561 3860 ἐν
591 3795 677 3882 αὐτῷ
705 3799 739 3861 τὸ
771 3795 825 3878 μὲν
856 3794 934 3858 είναι
962 3798 1078 3860 κτιστδν
1104 3797 1134 3858 ἐν
1158 3797 1276 3879 ἑνότητι
1296 3800 1350 3858 τοῦ
1374 3795 1451 3858 ἀκτί-

338 3916 427 3967 στου,
457 3894 491 3956 τδ
521 3895 556 3958 δὲ
583 3893 721 3958 ἀκτιστον
746 3894 778 3957 ἐν
801 3894 965 3975 συγκράσει
989 3897 1044 3955 τοῦ
1067 3899 1204 3968 κτιστού,
1237 3892 1360 3976 φύσεως
1383 3897 1453 3976 μιᾶς

338 3990 369 4059 ἐξ
401 3990 549 4076 ἑκατέρου
583 3992 696 4076 μέρους
723 3989 957 4075 συνισταμένης,
992 3991 1117 4075 μερικὴν
1147 3989 1299 4071 ἐνέργειαν
1324 3992 1451 4054 καὶτοῦ

337 4087 430 4169 λόγου
455 4089 691 4159 συντελέσαντος
711 4090 754 4158 εἰς
774 4089 808 4152 τὸ
833 4088 924 4165 ὅλον,
955 4089 1032 4172 μετὰ
1052 4093 1105 4172 τῆς
1125 4087 1229 4170 θεϊκής
1250 4080 1450 4171 τελειότητος,
1469 4101 1503 4156 36

338 4184 414 4269 ύπερ
442 4187 520 4268 [καὶ]
551 4189 600 4250 ἐπὶ
629 4193 683 4251 τοῦ
711 4191 815 4252 κοινοῦ
846 4186 1013 4270 ἀνθρώπου
1047 4185 1081 4248 ἐκ
1112 4185 1167 4248 δύο
1201 4189 1301 4268 μερῶν
1334 4185 1451 4247 ἀτελῶν

337 4283 467 4363 γίνεται,
495 4285 584 4369 φύσιν
617 4287 687 4369 μίαν
718 4285 917 4369 πληρυύντων
946 4286 997 4348 καὶ
1026 4284 1069 4346 ἑνὶ
1093 4281 1220 4366 ὀνόματι
1241 4280 1451 4364 δηλουμένων,

339 4378 406 4442 ἐπεὶ
426 4382 477 4444 καλ
498 4381 572 4466 σὰρξ
594 4384 628 4446 τδ
651 4382 724 4445 όλον
737 4385 886 4458 καλεῖται,
911 4384 952 4467 μὴ
973 4379 1230 4468 περιαιρουμένης
1243 4378 1274 4442 ἐν
1288 4377 1386 4462 τούτῳ
1400 4383 1453 4461 τῆς

339 4482 451 4563 ψυχῆς,
469 4479 519 4542 καὶ
540 4480 625 4564 ψυχὴ
645 4481 678 4544 τδ
699 4479 771 4543 ύλον
785 4479 1058 4564 προσαγορεύεται,
1078 4476 1113 4540 υύ
1129 4474 1384 4561 περιαιρουμένου
1397 4482 1450 4541 τοῦ
