3517 5434
400 700 434 753 74
884 699 970 758 Klete.
1336 721 1387 771 capi
1412 703 1454 755 10.

470 852 620 982 Ἑρμῆς.
648 851 680 918 ‘0
699 852 801 930 καλὸς
822 850 954 939 κόσμος,
977 852 1036 920 οὑκ
1058 855 1125 919 tan
1148 853 1182 920 δὲ
1205 849 1351 938 ἀγαθός.
1388 855 1456 922 ὑλι-

399 963 456 1040 κὰς
478 960 619 1052 γὰρκαὶ
643 961 851 1044 τὺποὶθητος·
880 968 936 1030 καὶ
959 969 1088 1054 πρῶτος
1109 966 1170 1051 μὲν
1191 966 1258 1030 τῶν
1279 967 1454 1048 παθητῶν,

400 1071 549 1164 δεύτερος
571 1076 606 1140 δὲ
626 1077 691 1142 τῶν
714 1069 820 1142 ὅντων
840 1078 896 1142 καὶ
920 1070 1093 1155 αὐτοὺεής·
1115 1077 1171 1140 καὶ
1187 1072 1287 1152 αὑτός
1300 1099 1379 1142 ποτε
1394 1081 1433 1161 μὲ
1435 1103 1454 1144 ν
1473 1091 1490 1144 3

400 1181 583 1272 γενόμενος,
606 1183 658 1250 ἀεὶ
680 1179 762 1251 33''
737 1207 799 1251 ων
822 1181 869 1251 ῶν
892 1188 962 1252 δέέ
911 1189 1054 1270 έέυμευ
1055 1190 1119 1252 ἐστι
1134 1189 1190 1252 καὶ
1205 1183 1377 1317 γινόμενος
1393 1186 1452 1252 ἀεί.
1612 1110 1618 1289 Ι]

400 1301 524 1381 γένεσις
545 1297 610 1364 τῶν
637 1298 742 1361 ποιῶν
762 1299 818 1362 καὶ
838 1300 905 1362 τῶν
926 1300 1054 1363 ποσῶν
1082 1292 1215 1378 κινητός
1242 1293 1316 1385 γάρ.
1360 1301 1454 1362 πᾶσα
1610 1300 1618 1466 ρ

335 1408 373 1475 11
399 1400 463 1493 γὰρ
486 1402 579 1484 ὑλικὴ
600 1408 727 1486 κίνησις
749 1411 875 1492 γένεσίς
897 1413 995 1474 ἐστιν.
1041 1405 1058 1472 ὑ
1086 1405 1246 1489 δὲνοητή
1269 1405 1488 1484 orantem-6

399 1524 449 1583 νεῖ
476 1512 536 1597 τὴν
563 1515 678 1598 ὑλικὴν
704 1519 833 1597 κίνησιν
860 1511 918 1584 τὸν
944 1513 1070 1606 τρόπον
1097 1520 1230 1598 τοῦτον,
1260 1517 1365 1585 ἐπει
1350 1543 1369 1585 ο
1397 1516 1454 1584 κό-

400 1648 484 1758 ρμος
506 1624 636 1717 σφαῖρά
656 1633 739 1706 ἐστι,
767 1631 916 1694 τουτέστι
944 1626 1087 1720 κεφαλή·
1123 1631 1336 1719 κεφαλῆςέ
1300 1631 1336 1696 δὲ
1360 1627 1453 1696 οὐδὲν
1612 1504 1618 1754 l

400 1735 551 1826 ὑπεράνω
573 1735 747 1818 ὑλικόν,
727 1734 835 1825 ῶσπερ
864 1737 939 1805 οὐδὲ
966 1741 1079 1807 ποδῶν
1108 1739 1203 1807 οὐδὲν
1230 1735 1352 1821 νοητὸν
1373 1739 1453 1807 ὑπο-
1471 1755 1489 1809 9

401 1847 505 1929 κάτω,
525 1852 595 1917 πᾶν
616 1853 652 1917 δὲ
672 1847 793 1918 ὑλικόν.
837 1852 916 1928 νοῦς
945 1853 979 1917 δὲ
1001 1847 1129 1942 κεφαλὴ
1153 1847 1252 1932 αὐτή,
1275 1854 1455 1943 σφαιρικῶς

400 1965 588 2046 κινουμένη,
616 1959 716 2028 τοῦτό
744 1968 813 2029 ἐστι
839 1965 1038 2053 κεφαλικῶς·
1068 1959 1133 2030 ὅσα
1161 1953 1220 2029 οὑν
1248 1959 1456 2048 προσήνιοτκι

401 2074 448 2156 τῷ
469 2070 563 2157 ὑμένι
583 2075 644 2152 τῆς
665 2075 813 2162 κεφαλῆς
832 2067 963 2153 ταύτης,
987 2078 1022 2139 ἐν
1044 2065 1071 2158 ᾧ
1092 2079 1181 2140 ἐστιν
1202 2070 1339 2165 ἡφυχή,
1362 2070 1455 2140 ἀθά·
1473 2101 1507 2151 12

401 2206 489 2248 νοιτα
509 2186 660 2272 πέφυκεν,
683 2179 790 2270 ῶσπερ
813 2188 849 2248 ἐν
869 2185 960 2276 ψυχῇ
980 2185 1041 2250 τοῦ
1055 2181 1207 2271 σώματος
1220 2191 1454 2271 πεποιημένον·

405 2295 463 2358 καὶ
484 2289 592 2379 πλήρη
614 2294 675 2358 τοῦ
696 2290 848 2377 σώματος
862 2290 923 2374 τηύ
944 2290 1055 2384 ψυχὴν
1077 2297 1202 2381 ἔχοντα.
1237 2291 1280 2362 τὰ
1295 2298 1329 2363 δὲ
1343 2291 1454 2384 πόρρω

403 2404 464 2470 τοῦ
498 2401 629 2490 ὑμένος,
668 2408 704 2470 έν
737 2394 763 2487 ᾧ
802 2397 844 2469 τὰ
875 2406 976 2472 πλέον
1015 2408 1132 2493 έχοντα
1170 2407 1230 2487 τῆς
1271 2409 1380 2495 ψυχῆς
1415 2402 1454 2473 τὰ
1474 2437 1508 2490 15

405 2518 515 2601 σῶμα,
536 2509 653 2595 θνητοὶ
673 2519 811 2605 πέφυκε·
833 2519 902 2583 πᾶν
924 2519 958 2584 δὲ
980 2517 1078 2598 ζῶον·
1108 2513 1190 2584 ὥστε
1213 2512 1251 2584 τὰ
1274 2521 1343 2585 πᾶν
1365 2521 1400 2584 tn
1421 2541 1454 2583 τε

474 2719 501 2770 2.
518 2713 581 2783 τῶν]
605 2716 641 2769 aie
657 2717 737 2779 Palm,
760 2717 866 2774 πάντων
885 2719 943 2784 ΑΒ,
967 2740 1018 2772 om.
1041 2719 1122 2772 ceteri.
1228 2721 1254 2774 5.
1271 2720 1333 2794 γάρ]
1352 2727 1408 2776 ἐστι
1425 2721 1456 2773 Β.

474 2802 500 2855 8.
519 2801 645 2873 κεφαλῆς]
665 2803 765 2877 κεφαλῇ
782 2806 838 2859 AB.
902 2807 944 2859 12.
963 2812 988 2860 la
1006 2801 1026 2874 ᾦ
1044 2827 1096 2858 om.
1114 2807 1137 2858 B
1156 2807 1235 2861 Turn.
1297 2807 1338 2860 13.
1357 2804 1455 2878 ῶσπερ]

475 2885 546 2957 ζήτει
562 2909 638 2954 marg.
656 2889 688 2942 Β.
709 2884 724 2959 ΙΙ
760 2891 821 2960 τοῦ]
841 2893 876 2945 sic
895 2894 927 2955 Α,
944 2895 970 2946 δὲ
989 2892 1088 2962 reliqui.
1174 2893 1215 2945 14.
1234 2891 1329 2966 πλήρη]
1348 2893 1415 2962 πλὴν
1434 2897 1457 2944 εὶ

475 2977 507 3038 Α,
524 2977 597 3028 πλεῖν
615 2975 646 3026 Β.
735 2976 777 3031 15.
796 2982 822 3031 ἓν
839 2970 871 3047 ᾧ]
890 2982 916 3030 la
933 2969 951 3052 ᾖ
971 2979 1043 3043 Verg.
1064 2971 1077 3044 ΙΙ
1116 2975 1163 3043 τοὶ]
1193 2977 1229 3029 aie
1247 2979 1331 3044 Tiecl.,
1349 2979 1381 3032 τὸ
1399 2979 1457 3031 reli-

475 3059 527 3129 qui.
546 3055 560 3130 Ι]
598 3066 684 3128 ἔχοντι
700 3062 766 3115 Patr.
821 3061 863 3113 16.
883 3063 972 3130 θνητοὶ
991 3060 1100 3132 πέφυκε]
1119 3061 1246 3126 οἰοΤίεὑ,
1264 3085 1314 3117 om.
1332 3058 1455 3134 reliquii}

476 3142 553 3212 ὅστε]
570 3142 657 3218 ῶσπερ
675 3140 722 3201 οὑν
739 3148 786 3200 ΑΒ
804 3146 902 3212 vergic.

457 3305 601 3364 Hermes,
631 3307 748 3364 Pulcher
769 3303 896 3370 mundns,
923 3323 987 3360 non·
1001 3315 1044 3360 eet
1065 3315 1155 3360 tamen
1177 3307 1272 3360 bonus.
1313 3307 1458 3361 materialis

406 3391 476 3447 enim
495 3400 523 3447 et
540 3391 619 3448 laeile
641 3391 792 3468 passibilia3
813 3398 841 3444 et
862 3389 966 3466 primns
989 3386 1095 3463 quidem
1120 3389 1300 3464 passibilium,
1323 3388 1458 3445 secundun

406 3497 471 3534 vero
489 3481 589 3536 entium
608 3487 635 3533 et
652 3495 703 3554 per
720 3495 750 3530 se
769 3473 888 3547 indigum
904 3482 932 3527 et
943 3471 1087 3549 aliqnando
1100 3473 1208 3549 quidem
1221 3475 1334 3550 genitus,
1353 3495 1459 3552 semper

407 3572 495 3620 tamen
513 3567 647 3630 existene3
666 3571 709 3618 ent
726 3562 754 3615 in
771 3558 942 3633 generatione
961 3567 988 3613 et
999 3557 1032 3613 fit
1044 3577 1163 3637 semper;
1182 3563 1317 3636 generatio
1336 3569 1379 3616 est
1396 3581 1459 3636 qna·

406 3648 472 3706 lium
490 3659 517 3704 et
535 3659 708 3723 quantorum,
732 3647 832 3720 qnippe
853 3642 969 3700 mobilis.
1006 3647 1092 3702 omnis
1115 3647 1186 3702 enlm
1208 3647 1352 3704 materialis
1370 3657 1458 3704 motus

407 3735 543 3809 generatio
563 3743 612 3788 est.
648 3729 827 3804 intelligibilis
847 3740 936 3788 autem
953 3740 1039 3789 status
1062 3742 1153 3788 movet
1177 3735 1339 3792 materialem
1357 3745 1477 3792 metum,

407 3820 436 3875 in
453 3816 526 3873 hune
543 3816 660 3885 medum,
678 3835 737 3872 enm
755 3816 869 3874 mundus
888 3817 1001 3896 aplanem
1013 3819 1063 3887 nit,
1079 3819 1134 3876 hee
1151 3829 1193 3876 ast
1209 3831 1303 3896 capnt;
1320 3841 1400 3899 snpra
1419 3839 1461 3875 ea·

410 3914 458 3983 put
475 3922 540 3960 vere
558 3901 660 3958 nullum
678 3903 815 3960 materiale
831 3915 888 3973 est,
912 3907 992 3962 aienti
1009 3927 1097 3983 neque
1114 3905 1165 3963 sub
1182 3907 1297 3985 pedibus
1315 3906 1398 3963 ullam
1417 3913 1460 3958 eat

408 3987 591 4064 intelligibile,
613 3991 767 4048 universnm
790 4001 878 4048 antem
899 3991 1043 4048 materiale.
1083 4009 1159 4049 mena
1181 4013 1246 4050 vero
1269 3999 1349 4066 capnt
1371 3989 1460 4064 ipsum

410 4083 452 4129 ent
470 4073 609 4150 ephaeriee
626 4086 741 4146 metum,
762 4078 790 4134 id
808 4087 851 4134 eat
870 4076 1027 4154 capitaliter.
1064 4099 1239 4155 quaerunque
1257 4095 1319 4151 erge
1337 4073 1461 4130 adiuncta

410 4170 474 4218 eunt
491 4161 658 4219 membranae
675 4167 771 4241 eapitis
790 4164 883 4230 huius,
907 4165 935 4218 in
954 4183 1007 4240 qno
1030 4167 1116 4221 anima
1139 4173 1195 4230 ent,
1219 4161 1376 4217 immortalia
1400 4170 1461 4216 nata

410 4257 488 4314 eunt,
511 4250 589 4324 qnasi
606 4269 705 4326 corpus
728 4252 766 4306 ait
783 4251 812 4304 in
834 4251 921 4305 anima
943 4253 1129 4308 constitutum:
1155 4250 1320 4322 animamque
1338 4246 1462 4302 habentia

410 4332 489 4410 plena
508 4345 572 4391 sunt
590 4356 715 4414 eorpore3
734 4356 802 4413 qnae
819 4355 884 4391 vere
902 4335 998 4414 procul
1016 4358 1030 4391 a
1049 4334 1208 4402 membrana,
1226 4333 1254 4388 in
1272 4351 1323 4410 qna
1342 4354 1372 4390 ea
1390 4342 1462 4400 sunt,

412 4441 479 4496 quae
503 4420 601 4478 lrabent
624 4421 686 4500 plus
710 4424 847 4501 corperis,
871 4441 950 4498 quam
974 4424 1087 4490 animae,
1112 4441 1142 4476 ea
1165 4419 1285 4478 mortalia
1307 4430 1368 4478 nata
1390 4429 1462 4476 sunt.
