3517 5434
310 731 354 778 cap
386 711 408 760 l.
527 759 531 768 ,
748 700 923 777 Ποιμάκάρης.
1330 701 1363 754 13

310 866 367 929 καί
390 859 558 951 ὲλεήμοσι,
586 867 656 937 τοῖς
685 858 826 946 εὐσεβῶς
846 861 967 945 βιοῦσι.
990 859 1045 923 καὶ
1068 855 1089 938 ἡ
1111 858 1278 944 παραιτία
1299 881 1365 942 μου

310 978 436 1058 γίνεται
460 968 625 1058 βοήθεια,
661 974 717 1037 καί
747 966 850 1048 εὐθὺς
875 969 919 1036 τά
947 966 1058 1035 πάντα
1088 968 1282 1055 γνωρίζουσι
1309 970 1365 1032 καὶ

276 1081 370 1152 3τάν
411 1087 538 1172 πατέρα
571 1078 765 1148 ἱλάσκονται
806 1081 1027 1167 ἀγαπητικῶς,
1066 1080 1122 1144 καί
1157 1075 1365 1166 εὐχαριστοῦ-

310 1219 364 1263 οιν
393 1193 616 1279 εὐλογοῦντες·
630 1195 686 1273 καὶ
711 1191 851 1279 ὑμνοῦσι
875 1197 1067 1277 τεταγμένοι
1087 1183 1170 1275 πρὸς
1196 1185 1298 1256 αὐτὸν
1326 1193 1366 1279 τῇ

311 1307 449 1396 στοργῇ·
487 1308 544 1371 καὶ
572 1304 638 1392 πρὸ
666 1307 728 1372 τοῦ
759 1305 970 1391 παραδοῦναι
997 1300 1036 1368 τά
1065 1303 1160 1386 σῶμα
1189 1303 1261 1386 ἰδίῳ
1295 1303 1366 1365 θα-

277 1415 401 1501 ἰνάτοι
421 1415 646 1502 μυσάττονται
659 1415 720 1494 τάς
741 1413 919 1498 αἰσθήσεις
942 1411 1062 1490 εἰδότες
1084 1411 1193 1480 αὐτῶν
1213 1407 1256 1478 τά
1278 1419 1367 1502 ἐνερ-

310 1524 460 1612 γήματα·
486 1530 617 1611 μᾶλλον
644 1530 678 1595 δὲ
707 1527 766 1596 οῦκ
786 1525 874 1593 ἐάσω
903 1521 1003 1602 αὐτὸς
1024 1524 1043 1590 ὁ
1064 1526 1143 1600 νοῦς
1162 1519 1206 1589 τά
1226 1525 1368 1610 προσπί-

309 1661 437 1705 πτοντα
458 1635 664 1726 ἐνεργήματα
686 1641 748 1706 τοῦ
768 1636 922 1725 σώματος
944 1637 1197 1715 ἐκτελεσθῆναι·
1218 1629 1368 1722 πυλωρὸς

277 1744 377 1834 ιγάρ
400 1745 446 1816 ἀν
467 1740 652 1816 ἀποκλείσω
675 1746 735 1828 εάς
757 1748 906 1826 εἰσόδους
926 1751 992 1834 τῦν
1014 1751 1123 1814 κακοῦν
1144 1749 1200 1813 καὶ
1224 1748 1368 1834 αἰσχρῶν

312 1856 543 1946 ἐνεργημάτων
564 1856 625 1936 τάς
646 1857 847 1945 ἐνθυμήσεις
869 1858 1042 1926 ἐκκόπτων.
1065 1869 1136 1936 τοῖς
1158 1860 1193 1924 δὲ
1215 1855 1371 1938 ἀνοήτοις
1393 1852 1435 1921 23

311 1963 369 2035 καὶ
389 1979 503 2046 κακοῖς
524 1971 581 2034 καὶ
607 1978 765 2054 πονηροῖς
786 1974 842 2036 καὶ
871 1973 1056 2059 φθονεροῖς
1077 1972 1134 2036 καί
1162 1973 1370 2046 πλεονέκταις

264 2100 296 2150 12
312 2083 369 2146 καί
391 2082 530 2170 φονεῦσι
549 2082 606 2146 καί
628 2078 761 2165 ἀσεβέσι
775 2077 955 2167 πόρρωθέν
969 2087 1042 2166 εἰμι,
1065 2083 1113 2165 τῷ
1126 2084 1258 2181 σιμ-Ἰψῷ
1272 2086 1369 2166 ὲκχω-
1400 2089 1428 2204 γ

312 2189 419 2279 ρήσας
439 2193 584 2282 ‹5le
606 2189 697 2269 ὅστις
717 2188 780 2274 τήν
801 2189 944 2273 ὀξύτητα
959 2196 1021 2258 τοῦ
1031 2188 1135 2278 πυρὸς
1149 2187 1370 2290 προσβάλλων

307 2300 458 2391 ψθροίσκει
479 2299 599 2380 αῦτοῦς
614 2307 826 2386 αἰσθητικῶς,
848 2307 905 2370 καί
926 2305 1122 2389 μάλλονὲπὶ
1145 2301 1205 2381 τάς
1227 2303 1370 2388 ἀνομίας

263 2437 295 2486 15
313 2409 434 2490 αὐτοὺς
463 2413 600 2495 ὁπλίζει,
635 2421 691 2483 ἴνα
719 2413 838 2502 τίηγωσι
864 2417 1015 2501 μείζονος
1041 2419 1215 2501 τιμωρίας·
1242 2418 1299 2481 καὶ
1329 2412 1370 2480 οὐ

313 2522 452 2593 παύεται
471 2526 524 2591 ἐπ’
543 2525 663 2614 ὀρέξεις
684 2527 845 2604 ἀπλέτους
865 2516 927 2592 τάν
948 2527 1133 2612 ἐπιθυμίαν
1147 2523 1256 2592 αὐτῶν
1270 2527 1369 2590 κινοῦν

387 2815 409 2864 Ι.
428 2809 538 2879 effossos
554 2815 653 2882 βιοῦσι]
672 2813 808 2884 εῦσεβοῦσι
825 2816 880 2867 ΑΒ.
939 2817 964 2868 2.
982 2820 1099 2884 γίγνεται
1115 2813 1149 2869 Ἀ.
1204 2815 1229 2868 l.
1249 2813 1367 2885 ὑμνοῦσι]

384 2897 419 2947 sic
430 2900 454 2948 Α
466 2899 541 2960 Patr,
559 2899 700 2970 ῦμνοῦντες
717 2902 816 2969 reliqui.
838 2898 854 2967 Ι]
888 2899 1053 2968 τεταγμένοι]
1072 2901 1106 2952 sic
1122 2903 1187 2954 Patr.
1207 2903 1369 2969 τεταγμένως

385 2981 483 3052 reliqui.
572 2983 599 3035 6.
617 2981 800 3053 μνοάττοκτες
824 2987 859 3046 Δ,
881 2981 1082 3052 μοσσάσσοντες
1100 2983 1167 3036 Patr.
1255 2985 1280 3036 9.
1306 2982 1368 3054 γὰρ]

385 3069 419 3120 sic
437 3069 469 3130 B,
487 3076 538 3121 om'.
562 3067 660 3138 reliqui.
751 3070 792 3122 ld.
812 3086 835 3121 et
855 3069 895 3121 15.
922 3063 1005 3121 οιῦτάκ
1029 3067 1093 3134 (his)
1111 3084 1134 3120 et
1152 3067 1219 3140 τῦχη
1243 3071 1265 3120 Α
1289 3070 1369 3120 Turn.

383 3157 449 3208 Patr.
523 3154 564 3208 16.
583 3151 725 3223 ἀπλέτους]
745 3157 875 3226 διεγείρειν
892 3173 968 3220 marg.
986 3155 1021 3206 Β.
1039 3150 1053 3224 Ι]
1089 3153 1148 3223 τὴν]
1171 3158 1216 3207 καί
1237 3155 1286 3224 τὴν
1304 3155 1334 3207 B.
1356 3152 1370 3224 Ι]

384 3238 471 3294 αὐτῶν
488 3239 571 3308 κινῶν]
589 3241 625 3293 sic
643 3241 672 3304 B,
691 3245 753 3308 ἔχων
773 3243 794 3290 Α
814 3241 893 3294 Turn.
913 3241 987 3304 Petu,
1004 3237 1102 3310 ἀνίχισι
1121 3243 1200 3294 Fluss.

316 3505 332 3539 ο
351 3497 386 3542 tu.
410 3486 524 3543 advenio
547 3505 596 3561 ego
618 3505 694 3540 mens
718 3487 772 3562 piis
794 3495 822 3542 et
843 3486 923 3542 bonis
948 3495 976 3540 ct
998 3488 1074 3563 puris
1098 3495 1125 3541 ot
1143 3485 1370 3551 misericordibus,

315 3575 361 3647 qui
380 3575 488 3628 omnino
506 3571 632 3647 religiose
643 3574 744 3628 vivunt.
763 3582 791 3627 et
807 3575 960 3650 proesentis
972 3591 1030 3630 meu
1047 3573 1079 3628 lit
1097 3572 1231 3640 auxillum,
1250 3583 1278 3628 et
1295 3573 1369 3628 illico

315 3667 409 3714 cuncta
429 3668 595 3733 cognoscunt
613 3667 640 3715 ct
657 3667 761 3734 patrem
779 3656 957 3736 deprecantur
974 3668 1105 3726 ementes,
1129 3669 1156 3714 et
1173 3661 1271 3734 gratiss
1290 3669 1371 3733 egunt

315 3741 505 3798 benedicentes
518 3754 545 3799 et
562 3743 678 3818 hymnos
696 3745 751 3820 ipsi
769 3743 866 3798 ordine
876 3763 941 3821 pene
953 3765 1043 3801 amore
1055 3755 1165 3812 cannnt3
1184 3753 1211 3800 et
1230 3755 1369 3822 antequem

315 3827 422 3884 trudent
434 3847 534 3904 conpos
546 3832 672 3904 propriae
683 3831 773 3895 monti,
792 3827 855 3884 odio
868 3830 967 3888 babent
978 3851 1083 3900 sensus,
1096 3841 1285 3907 cognoscentes
1297 3834 1370 3908 ipso-

290 3982 294 3990 .
315 3935 373 3970 rum
396 3934 491 3991 opem
519 3914 568 3970 scd
591 3916 683 3991 potios
706 3933 760 3970 non
783 3916 870 3972 sicem
897 3937 1047 3994 spanum
1067 3937 1148 3994 opera
1172 3937 1239 3993 quse
1262 3919 1370 3994 corpori
1414 3947 1465 3975 s·

315 4001 441 4058 accidunt
463 4000 497 4057 ed
515 4001 596 4057 finem
616 4000 726 4068 dedoci3
749 4001 849 4058 innitor
866 4023 915 4077 ego
940 4003 1060 4060 claudam
1079 4007 1217 4078 ingressus
1240 4003 1371 4060 mulorum

316 4097 343 4142 ct
360 4083 478 4165 turpium
497 4107 617 4165 opernm,
637 4089 811 4162 cogitationes
824 4090 990 4147 rescindens.
1009 4089 1100 4146 stultis
1119 4109 1185 4146 vero
1203 4100 1231 4146 et
1248 4089 1324 4145 molis
1343 4100 1370 4146 et
1403 4093 1408 4118 '

316 4177 404 4248 pravis
423 4184 450 4230 ct
467 4175 567 4231 invidis
586 4185 613 4230 et
631 4177 801 4252 quaestuosis
815 4186 842 4231 et
854 4176 1021 4232 occisoribus
1035 4185 1062 4230 et
1073 4177 1163 4252 impiis
1176 4175 1255 4251 longe
1267 4176 1368 4244 absum,
1430 4192 1437 4251 ,¹

316 4259 417 4316 vindici
434 4280 482 4316 eos
501 4261 609 4316 trudens
628 4261 764 4329 daemoni,
788 4265 835 4338 qui
857 4267 968 4336 ecumcn
990 4263 1061 4336 ignis
1083 4261 1214 4318 adhibens
1237 4262 1299 4318 fecit
1322 4281 1369 4318 cos
1417 4263 1429 4342 f

317 4346 491 4415 sensibiliter,
510 4357 538 4402 et
554 4349 873 4432 megigodgcefltffltti
884 4358 1034 4428 Piicpcrst,
1052 4357 1083 4403 ut
1100 4359 1299 4425 consequantur
1317 4369 1371 4403 me·
1406 4351 1450 4403 f
1487 4379 1492 4387 ·

316 4433 399 4487 iorem
417 4451 539 4510 poenam.
567 4443 595 4488 et
612 4453 665 4491 non
684 4446 787 4505 cesset,
805 4437 869 4511 quin
888 4435 922 4491 ed
939 4433 1117 4512 inexplebiles
1142 4435 1282 4512 cupidines
1301 4435 1371 4492 desi-
