<?xml version="1.0" encoding="UTF-8"?>
<!DOCTYPE html PUBLIC "-//W3C//DTD XHTML 1.0 Transitional//EN"
    "http://www.w3.org/TR/xhtml1/DTD/xhtml1-transitional.dtd">
<html xmlns="http://www.w3.org/1999/xhtml" xml:lang="en" lang="en">
 <head>
  <title>
</title>
<meta http-equiv="Content-Type" content="text/html;charset=utf-8" />
  <meta name='ocr-system' content='tesseract 3.04.00' />
  <meta name='ocr-capabilities' content='ocr_page ocr_carea ocr_par ocr_line ocrx_word'/>
</head>
<body>
  <div class='ocr_page' id='page_1' title='image "./poemander00trisgoog_0187.png"; bbox 0 0 3517 5434; ppageno 0'>
   <div class='ocr_carea' id='block_1_1' title="bbox 859 695 1441 766">
    <p class='ocr_par' dir='ltr' id='par_1_1' title="bbox 859 695 1441 766">
     <span class='ocr_line' id='line_1_1' title="bbox 859 695 1441 766; baseline 0.015 -9"><span class='ocrx_word' id='word_1_1' title='bbox 859 695 900 758; x_wconf 75' lang='lat'>1³</span> <span class='ocrx_word' id='word_1_2' title='bbox 1282 708 1309 764; x_wconf 76' lang='grc' dir='ltr'><strong>Α</strong></span> <span class='ocrx_word' id='word_1_3' title='bbox 1327 707 1441 766; x_wconf 71' lang='lat'>21-22.</span> 
     </span>
    </p>
   </div>
   <div class='ocr_carea' id='block_1_2' title="bbox 258 858 1519 4458">
    <p class='ocr_par' dir='ltr' id='par_1_2' title="bbox 258 858 1519 4458">
     <span class='ocr_line' id='line_1_2' title="bbox 324 858 1441 946; baseline -0.002 -20"><span class='ocrx_word' id='word_1_4' title='bbox 324 883 385 932; x_wconf 88' lang='grc' dir='ltr'>τως</span> <span class='ocrx_word' id='word_1_5' title='bbox 406 864 426 946; x_wconf 83' lang='grc' dir='ltr'><strong>ἡ</strong></span> <span class='ocrx_word' id='word_1_6' title='bbox 445 865 502 926; x_wconf 89' lang='grc' dir='ltr'>τοῦ</span> <span class='ocrx_word' id='word_1_7' title='bbox 520 861 641 944; x_wconf 75' lang='grc' dir='ltr'>ἀγαθοῦ</span> <span class='ocrx_word' id='word_1_8' title='bbox 663 859 835 945; x_wconf 89' lang='grc' dir='ltr'>ἐπιθυμία),</span> <span class='ocrx_word' id='word_1_9' title='bbox 859 860 955 946; x_wconf 84' lang='grc' dir='ltr'>ούπερ</span> <span class='ocrx_word' id='word_1_10' title='bbox 977 858 1145 924; x_wconf 78' lang='grc' dir='ltr'><strong>ἀπολαύειν</strong></span> <span class='ocrx_word' id='word_1_11' title='bbox 1166 860 1221 944; x_wconf 76' lang='grc' dir='ltr'>μὲν</span> <span class='ocrx_word' id='word_1_12' title='bbox 1238 860 1280 944; x_wconf 82' lang='grc' dir='ltr'>μὴ</span> <span class='ocrx_word' id='word_1_13' title='bbox 1291 860 1441 945; x_wconf 78' lang='grc' dir='ltr'>ἠδύναντο</span> 
     </span>
     <span class='ocr_line' id='line_1_3' title="bbox 324 956 1442 1044; baseline -0.001 -21"><span class='ocrx_word' id='word_1_14' title='bbox 324 960 384 1041; x_wconf 85' lang='grc' dir='ltr'>(ῶς</span> <span class='ocrx_word' id='word_1_15' title='bbox 402 981 438 1043; x_wconf 91' lang='grc' dir='ltr'>γε</span> <span class='ocrx_word' id='word_1_16' title='bbox 460 960 477 1023; x_wconf 91' lang='grc' dir='ltr'>ό</span> <span class='ocrx_word' id='word_1_17' title='bbox 499 958 537 1022; x_wconf 80' lang='grc' dir='ltr'>τὰ</span> <span class='ocrx_word' id='word_1_18' title='bbox 562 962 618 1022; x_wconf 91' lang='grc' dir='ltr'>τοῦ</span> <span class='ocrx_word' id='word_1_19' title='bbox 641 958 789 1041; x_wconf 87' lang='grc' dir='ltr'>μανέντας</span> <span class='ocrx_word' id='word_1_20' title='bbox 816 959 999 1044; x_wconf 87' lang='grc' dir='ltr'>συγγράφων</span> <span class='ocrx_word' id='word_1_21' title='bbox 1024 957 1115 1042; x_wconf 85' lang='grc' dir='ltr'>φησὶν</span> <span class='ocrx_word' id='word_1_22' title='bbox 1145 956 1442 1041; x_wconf 86' lang='grc' dir='ltr'>,,ἐπιθυμυῦντες“),</span> 
     </span>
     <span class='ocr_line' id='line_1_4' title="bbox 325 1053 1441 1143; baseline 0 -22"><span class='ocrx_word' id='word_1_23' title='bbox 325 1056 515 1143; x_wconf 68' lang='grc' dir='ltr'>διαφθείρειν</span> <span class='ocrx_word' id='word_1_24' title='bbox 533 1057 569 1120; x_wconf 89' lang='grc' dir='ltr'>δέ</span> <span class='ocrx_word' id='word_1_25' title='bbox 589 1054 650 1141; x_wconf 85' lang='grc' dir='ltr'>ούχ</span> <span class='ocrx_word' id='word_1_26' title='bbox 672 1055 736 1118; x_wconf 85' lang='grc' dir='ltr'>οἷοί</span> <span class='ocrx_word' id='word_1_27' title='bbox 758 1077 791 1118; x_wconf 89' lang='grc' dir='ltr'>τε</span> <span class='ocrx_word' id='word_1_28' title='bbox 812 1054 908 1140; x_wconf 77' lang='grc' dir='ltr'>ἦσαν·</span> <span class='ocrx_word' id='word_1_29' title='bbox 936 1057 1057 1118; x_wconf 91' lang='grc' dir='ltr'>τοιοῦτο</span> <span class='ocrx_word' id='word_1_30' title='bbox 1081 1053 1138 1139; x_wconf 80' lang='grc' dir='ltr'>γὰρ</span> <span class='ocrx_word' id='word_1_31' title='bbox 1166 1055 1288 1123; x_wconf 86' lang='grc' dir='ltr'>πάντας</span> <span class='ocrx_word' id='word_1_32' title='bbox 1308 1055 1342 1120; x_wconf 86' lang='grc' dir='ltr'>τδ</span> <span class='ocrx_word' id='word_1_33' title='bbox 1370 1056 1441 1139; x_wconf 76' lang='grc' dir='ltr'>ἀγα</span> 
     </span>
     <span class='ocr_line' id='line_1_5' title="bbox 323 1151 1444 1239; baseline 0.003 -23"><span class='ocrx_word' id='word_1_34' title='bbox 323 1152 380 1216; x_wconf 91' lang='grc' dir='ltr'>θδν</span> <span class='ocrx_word' id='word_1_35' title='bbox 410 1153 476 1217; x_wconf 86' lang='grc' dir='ltr'>οἷον</span> <span class='ocrx_word' id='word_1_36' title='bbox 507 1155 585 1238; x_wconf 75' lang='grc' dir='ltr'>μήτε</span> <span class='ocrx_word' id='word_1_37' title='bbox 610 1152 808 1218; x_wconf 79' lang='grc' dir='ltr'><strong>δαπανᾶσθαι</strong></span> <span class='ocrx_word' id='word_1_38' title='bbox 836 1152 914 1236; x_wconf 84' lang='grc' dir='ltr'>μήτε</span> <span class='ocrx_word' id='word_1_39' title='bbox 942 1151 1051 1220; x_wconf 83' lang='grc' dir='ltr'>άλλως</span> <span class='ocrx_word' id='word_1_40' title='bbox 1084 1151 1342 1237; x_wconf 84' lang='grc' dir='ltr'>ἐπιβουλεύεσθαι</span> <span class='ocrx_word' id='word_1_41' title='bbox 1368 1155 1444 1239; x_wconf 86' lang='grc' dir='ltr'>πρὸς</span> 
     </span>
     <span class='ocr_line' id='line_1_6' title="bbox 322 1247 1476 1338; baseline -0.001 -22"><span class='ocrx_word' id='word_1_42' title='bbox 322 1255 383 1316; x_wconf 91' lang='grc' dir='ltr'>τῶν</span> <span class='ocrx_word' id='word_1_43' title='bbox 412 1250 604 1338; x_wconf 75' lang='grc' dir='ltr'>μετεχόντων</span> <span class='ocrx_word' id='word_1_44' title='bbox 631 1250 738 1316; x_wconf 88' lang='grc' dir='ltr'>αότοῦ.</span> <span class='ocrx_word' id='word_1_45' title='bbox 802 1247 853 1324; x_wconf 75' lang='lat'>22.</span> <span class='ocrx_word' id='word_1_46' title='bbox 892 1251 1133 1335; x_wconf 63' lang='grc' dir='ltr'>ἐπεστράτευσαν</span> <span class='ocrx_word' id='word_1_47' title='bbox 1159 1249 1195 1312; x_wconf 89' lang='grc' dir='ltr'>δέ</span> <span class='ocrx_word' id='word_1_48' title='bbox 1219 1250 1298 1334; x_wconf 85' lang='grc' dir='ltr'>όμοῦ</span> <span class='ocrx_word' id='word_1_49' title='bbox 1321 1252 1476 1322; x_wconf 67' lang='grc' dir='ltr'>πάντεσι</span> 
     </span>
     <span class='ocr_line' id='line_1_7' title="bbox 323 1346 1441 1435; baseline -0.001 -21"><span class='ocrx_word' id='word_1_50' title='bbox 323 1351 390 1414; x_wconf 88' lang='grc' dir='ltr'>τίνα</span> <span class='ocrx_word' id='word_1_51' title='bbox 416 1349 545 1435; x_wconf 79' lang='grc' dir='ltr'>τρόπον,</span> <span class='ocrx_word' id='word_1_52' title='bbox 571 1349 613 1434; x_wconf 84' lang='grc' dir='ltr'>μὴ</span> <span class='ocrx_word' id='word_1_53' title='bbox 643 1346 760 1419; x_wconf 82' lang='grc' dir='ltr'>εἰδότες</span> <span class='ocrx_word' id='word_1_54' title='bbox 788 1350 840 1412; x_wconf 85' lang='grc' dir='ltr'>τόν</span> <span class='ocrx_word' id='word_1_55' title='bbox 866 1347 1103 1432; x_wconf 74' lang='grc' dir='ltr'>ἀνθιστάμενυνς</span> <span class='ocrx_word' id='word_1_56' title='bbox 1129 1347 1205 1431; x_wconf 85' lang='grc' dir='ltr'>φησὶ</span> <span class='ocrx_word' id='word_1_57' title='bbox 1225 1346 1283 1431; x_wconf 79' lang='grc' dir='ltr'>γὰρ</span> <span class='ocrx_word' id='word_1_58' title='bbox 1310 1347 1384 1412; x_wconf 87' lang='grc' dir='ltr'>αύτδ</span> <span class='ocrx_word' id='word_1_59' title='bbox 1407 1351 1441 1414; x_wconf 85' lang='grc' dir='ltr'>τὸ</span> 
     </span>
     <span class='ocr_line' id='line_1_8' title="bbox 322 1443 1439 1532; baseline -0.001 -21"><span class='ocrx_word' id='word_1_60' title='bbox 322 1448 465 1532; x_wconf 89' lang='grc' dir='ltr'>γράμμα,</span> <span class='ocrx_word' id='word_1_61' title='bbox 494 1446 549 1532; x_wconf 81' lang='grc' dir='ltr'>ἀφ’</span> <span class='ocrx_word' id='word_1_62' title='bbox 575 1445 612 1510; x_wconf 87' lang='grc' dir='ltr'>οῦ</span> <span class='ocrx_word' id='word_1_63' title='bbox 634 1445 673 1511; x_wconf 77' lang='grc' dir='ltr'>τὰ</span> <span class='ocrx_word' id='word_1_64' title='bbox 694 1446 779 1530; x_wconf 80' lang='grc' dir='ltr'>παρὰ</span> <span class='ocrx_word' id='word_1_65' title='bbox 802 1449 858 1510; x_wconf 90' lang='grc' dir='ltr'>τοῦ</span> <span class='ocrx_word' id='word_1_66' title='bbox 880 1443 1028 1529; x_wconf 77' lang='grc' dir='ltr'>μανέντας</span> <span class='ocrx_word' id='word_1_67' title='bbox 1047 1443 1284 1529; x_wconf 80' lang='grc' dir='ltr'>παρεθήκαμεν,</span> <span class='ocrx_word' id='word_1_68' title='bbox 1309 1449 1351 1514; x_wconf 87' lang='grc' dir='ltr'>ῶς</span> <span class='ocrx_word' id='word_1_69' title='bbox 1373 1445 1439 1510; x_wconf 80' lang='grc' dir='ltr'>οὐδ’</span> 
     </span>
     <span class='ocr_line' id='line_1_9' title="bbox 325 1539 1441 1631; baseline 0 -23"><span class='ocrx_word' id='word_1_70' title='bbox 325 1543 372 1608; x_wconf 87' lang='grc' dir='ltr'>ότι</span> <span class='ocrx_word' id='word_1_71' title='bbox 390 1544 465 1612; x_wconf 85' lang='grc' dir='ltr'>θεὸς</span> <span class='ocrx_word' id='word_1_72' title='bbox 482 1544 514 1608; x_wconf 86' lang='grc' dir='ltr'>ἐν</span> <span class='ocrx_word' id='word_1_73' title='bbox 534 1546 614 1630; x_wconf 85' lang='grc' dir='ltr'>φωτὶ</span> <span class='ocrx_word' id='word_1_74' title='bbox 636 1546 761 1631; x_wconf 83' lang='grc' dir='ltr'>διητᾶτο</span> <span class='ocrx_word' id='word_1_75' title='bbox 784 1545 950 1628; x_wconf 79' lang='grc' dir='ltr'>ἐγίνωσκον</span> <span class='ocrx_word' id='word_1_76' title='bbox 977 1539 1045 1606; x_wconf 75' lang='grc' dir='ltr'>οὐδ’</span> <span class='ocrx_word' id='word_1_77' title='bbox 1070 1542 1116 1606; x_wconf 89' lang='grc' dir='ltr'>ότι</span> <span class='ocrx_word' id='word_1_78' title='bbox 1136 1543 1343 1626; x_wconf 81' lang='grc' dir='ltr'>τολμήσαντες</span> <span class='ocrx_word' id='word_1_79' title='bbox 1364 1545 1441 1608; x_wconf 80' lang='grc' dir='ltr'>κατὰ</span> 
     </span>
     <span class='ocr_line' id='line_1_10' title="bbox 323 1639 1442 1726; baseline 0.001 -22"><span class='ocrx_word' id='word_1_80' title='bbox 323 1645 379 1704; x_wconf 88' lang='grc' dir='ltr'>τοῦ</span> <span class='ocrx_word' id='word_1_81' title='bbox 398 1641 576 1726; x_wconf 87' lang='grc' dir='ltr'>οίκητηρίου</span> <span class='ocrx_word' id='word_1_82' title='bbox 596 1646 652 1705; x_wconf 91' lang='grc' dir='ltr'>τοῦ</span> <span class='ocrx_word' id='word_1_83' title='bbox 670 1642 748 1706; x_wconf 91' lang='grc' dir='ltr'>θεοῦ</span> <span class='ocrx_word' id='word_1_84' title='bbox 772 1641 830 1705; x_wconf 88' lang='grc' dir='ltr'>ούκ</span> <span class='ocrx_word' id='word_1_85' title='bbox 852 1639 984 1726; x_wconf 82' lang='grc' dir='ltr'>ἔμελλον</span> <span class='ocrx_word' id='word_1_86' title='bbox 1009 1641 1113 1706; x_wconf 85' lang='grc' dir='ltr'>ἀθῶοί</span> <span class='ocrx_word' id='word_1_87' title='bbox 1129 1661 1205 1704; x_wconf 88' lang='grc' dir='ltr'>ποτε</span> <span class='ocrx_word' id='word_1_88' title='bbox 1218 1642 1442 1726; x_wconf 75' lang='grc' dir='ltr'>ἀπαλλαγῆναι.</span> 
     </span>
     <span class='ocr_line' id='line_1_11' title="bbox 324 1737 1493 1826; baseline 0.001 -24"><span class='ocrx_word' id='word_1_89' title='bbox 324 1739 352 1802; x_wconf 88' lang='grc' dir='ltr'>εί</span> <span class='ocrx_word' id='word_1_90' title='bbox 379 1737 480 1802; x_wconf 85' lang='grc' dir='ltr'>τοίνυν</span> <span class='ocrx_word' id='word_1_91' title='bbox 508 1739 550 1824; x_wconf 78' lang='grc' dir='ltr'>μὴ</span> <span class='ocrx_word' id='word_1_92' title='bbox 580 1737 696 1826; x_wconf 66' lang='grc' dir='ltr'>ᾔδεσαν</span> <span class='ocrx_word' id='word_1_93' title='bbox 730 1742 764 1804; x_wconf 84' lang='grc' dir='ltr'>τό</span> <span class='ocrx_word' id='word_1_94' title='bbox 791 1742 914 1803; x_wconf 90' lang='grc' dir='ltr'>κωλῦον</span> <span class='ocrx_word' id='word_1_95' title='bbox 948 1738 1099 1816; x_wconf 88' lang='grc' dir='ltr'>ἐναντίον,</span> <span class='ocrx_word' id='word_1_96' title='bbox 1138 1737 1252 1821; x_wconf 80' lang='grc' dir='ltr'>ἄλογον</span> <span class='ocrx_word' id='word_1_97' title='bbox 1281 1740 1377 1822; x_wconf 80' lang='grc' dir='ltr'>πάντη</span> <span class='ocrx_word' id='word_1_98' title='bbox 1404 1741 1438 1803; x_wconf 90' lang='grc' dir='ltr'>τδ</span> <span class='ocrx_word' id='word_1_99' title='bbox 1459 1749 1493 1803; x_wconf 81' lang='grc' dir='ltr'>όῦ</span> 
     </span>
     <span class='ocr_line' id='line_1_12' title="bbox 325 1834 1441 1924; baseline -0.001 -23"><span class='ocrx_word' id='word_1_100' title='bbox 325 1836 550 1924; x_wconf 75' lang='grc' dir='ltr'>ἐπιστρατεύειν</span> <span class='ocrx_word' id='word_1_101' title='bbox 576 1838 626 1924; x_wconf 83' lang='grc' dir='ltr'>ἐφ’</span> <span class='ocrx_word' id='word_1_102' title='bbox 647 1839 694 1908; x_wconf 89' lang='grc' dir='ltr'>οίς</span> <span class='ocrx_word' id='word_1_103' title='bbox 716 1838 773 1901; x_wconf 86' lang='grc' dir='ltr'>υύκ</span> <span class='ocrx_word' id='word_1_104' title='bbox 799 1834 917 1922; x_wconf 69' lang='grc' dir='ltr'>ᾔδεσαν</span> <span class='ocrx_word' id='word_1_105' title='bbox 942 1835 1146 1921; x_wconf 87' lang='grc' dir='ltr'>κωλυόμενοι.</span> <span class='ocrx_word' id='word_1_106' title='bbox 1184 1836 1364 1907; x_wconf 74' lang='grc' dir='ltr'>ὁπλίζεσθαι</span> <span class='ocrx_word' id='word_1_107' title='bbox 1383 1837 1441 1922; x_wconf 76' lang='grc' dir='ltr'>γὰρ</span> 
     </span>
     <span class='ocr_line' id='line_1_13' title="bbox 325 1932 1441 2021; baseline -0.001 -23"><span class='ocrx_word' id='word_1_108' title='bbox 325 1937 407 2006; x_wconf 81' lang='grc' dir='ltr'>εἰκός</span> <span class='ocrx_word' id='word_1_109' title='bbox 426 1935 464 2021; x_wconf 74' lang='grc' dir='ltr'>ἦν</span> <span class='ocrx_word' id='word_1_110' title='bbox 485 1934 607 2012; x_wconf 84' lang='grc' dir='ltr'>αύτούς,</span> <span class='ocrx_word' id='word_1_111' title='bbox 631 1939 674 2015; x_wconf 79' lang='grc' dir='ltr'>ῶς</span> <span class='ocrx_word' id='word_1_112' title='bbox 695 1935 787 2020; x_wconf 84' lang='grc' dir='ltr'>φησί,</span> <span class='ocrx_word' id='word_1_113' title='bbox 811 1934 885 2017; x_wconf 80' lang='grc' dir='ltr'>πυρί</span> <span class='ocrx_word' id='word_1_114' title='bbox 909 1934 961 1997; x_wconf 86' lang='grc' dir='ltr'>καλ</span> <span class='ocrx_word' id='word_1_115' title='bbox 983 1933 1098 2020; x_wconf 82' lang='grc' dir='ltr'>σκότῳ,</span> <span class='ocrx_word' id='word_1_116' title='bbox 1127 1935 1155 1996; x_wconf 86' lang='grc' dir='ltr'>εί</span> <span class='ocrx_word' id='word_1_117' title='bbox 1181 1932 1359 2018; x_wconf 71' lang='grc' dir='ltr'>προῄδεσαν</span> <span class='ocrx_word' id='word_1_118' title='bbox 1381 1939 1441 1997; x_wconf 90' lang='grc' dir='ltr'>τῶν</span> 
     </span>
     <span class='ocr_line' id='line_1_14' title="bbox 324 2030 1441 2117; baseline 0 -21"><span class='ocrx_word' id='word_1_119' title='bbox 324 2032 495 2117; x_wconf 81' lang='grc' dir='ltr'>ἀλλοτρίων</span> <span class='ocrx_word' id='word_1_120' title='bbox 524 2032 707 2117; x_wconf 84' lang='grc' dir='ltr'>είργόμενοι.</span> <span class='ocrx_word' id='word_1_121' title='bbox 754 2032 821 2094; x_wconf 82' lang='grc' dir='ltr'>ἐπεὶ</span> <span class='ocrx_word' id='word_1_122' title='bbox 844 2032 880 2094; x_wconf 87' lang='grc' dir='ltr'>δέ</span> <span class='ocrx_word' id='word_1_123' title='bbox 902 2033 1061 2099; x_wconf 83' lang='grc' dir='ltr'>παντελῶς</span> <span class='ocrx_word' id='word_1_124' title='bbox 1086 2031 1232 2116; x_wconf 76' lang='grc' dir='ltr'>ἠγνόουν,</span> <span class='ocrx_word' id='word_1_125' title='bbox 1255 2030 1311 2094; x_wconf 86' lang='grc' dir='ltr'>υύκ</span> <span class='ocrx_word' id='word_1_126' title='bbox 1333 2032 1441 2096; x_wconf 84' lang='grc' dir='ltr'>ἀπιθά-</span> 
     </span>
     <span class='ocr_line' id='line_1_15' title="bbox 323 2116 1442 2215; baseline -0.004 -19"><span class='ocrx_word' id='word_1_127' title='bbox 323 2155 379 2196; x_wconf 93' lang='grc' dir='ltr'>νυυ</span> <span class='ocrx_word' id='word_1_128' title='bbox 400 2116 510 2215; x_wconf 91' lang='grc' dir='ltr'>μόνον,</span> <span class='ocrx_word' id='word_1_129' title='bbox 543 2128 623 2193; x_wconf 72' lang='grc' dir='ltr'>ἀλλὰ</span> <span class='ocrx_word' id='word_1_130' title='bbox 648 2128 700 2192; x_wconf 85' lang='grc' dir='ltr'>καλ</span> <span class='ocrx_word' id='word_1_131' title='bbox 729 2135 839 2215; x_wconf 90' lang='grc' dir='ltr'>σαφῶς</span> <span class='ocrx_word' id='word_1_132' title='bbox 865 2129 1046 2215; x_wconf 81' lang='grc' dir='ltr'>μαχομένου</span> <span class='ocrx_word' id='word_1_133' title='bbox 1076 2128 1170 2212; x_wconf 91' lang='grc' dir='ltr'>λόγου</span> <span class='ocrx_word' id='word_1_134' title='bbox 1201 2128 1317 2194; x_wconf 89' lang='grc' dir='ltr'>ύπλισίν</span> <span class='ocrx_word' id='word_1_135' title='bbox 1340 2131 1442 2194; x_wconf 80' lang='grc' dir='ltr'>τεκαὶ</span> 
     </span>
     <span class='ocr_line' id='line_1_16' title="bbox 325 2225 1493 2315; baseline -0.001 -23"><span class='ocrx_word' id='word_1_136' title='bbox 325 2228 465 2315; x_wconf 74' lang='grc' dir='ltr'>στρατιὰν</span> <span class='ocrx_word' id='word_1_137' title='bbox 487 2228 678 2312; x_wconf 90' lang='grc' dir='ltr'>διαγράφειν,</span> <span class='ocrx_word' id='word_1_138' title='bbox 700 2225 779 2290; x_wconf 82' lang='grc' dir='ltr'>κατὰ</span> <span class='ocrx_word' id='word_1_139' title='bbox 798 2229 930 2311; x_wconf 84' lang='grc' dir='ltr'>μηδενὸς</span> <span class='ocrx_word' id='word_1_140' title='bbox 950 2230 1109 2295; x_wconf 78' lang='grc' dir='ltr'>παντελῶς</span> <span class='ocrx_word' id='word_1_141' title='bbox 1134 2225 1346 2290; x_wconf 87' lang='grc' dir='ltr'>ἐναντιοῦσθαι</span> <span class='ocrx_word' id='word_1_142' title='bbox 1368 2249 1440 2310; x_wconf 85' lang='grc' dir='ltr'>πρυ·</span> <span class='ocrx_word' id='word_1_143' title='bbox 1460 2237 1493 2291; x_wconf 76' lang='grc'>15</span> 
     </span>
     <span class='ocr_line' id='line_1_17' title="bbox 325 2322 1440 2410; baseline -0.004 -20"><span class='ocrx_word' id='word_1_144' title='bbox 325 2325 537 2410; x_wconf 87' lang='grc' dir='ltr'>σδυκωμένου.</span> <span class='ocrx_word' id='word_1_145' title='bbox 581 2323 642 2408; x_wconf 85' lang='grc' dir='ltr'>ούχ</span> <span class='ocrx_word' id='word_1_146' title='bbox 668 2322 759 2407; x_wconf 80' lang='grc' dir='ltr'>ἧττον</span> <span class='ocrx_word' id='word_1_147' title='bbox 782 2325 817 2388; x_wconf 91' lang='grc' dir='ltr'>δέ</span> <span class='ocrx_word' id='word_1_148' title='bbox 842 2325 976 2396; x_wconf 84' lang='grc' dir='ltr'>ἐναντίον</span> <span class='ocrx_word' id='word_1_149' title='bbox 995 2327 1047 2389; x_wconf 87' lang='grc' dir='ltr'>καὶ</span> <span class='ocrx_word' id='word_1_150' title='bbox 1073 2327 1106 2389; x_wconf 88' lang='grc' dir='ltr'>τὸ</span> <span class='ocrx_word' id='word_1_151' title='bbox 1128 2330 1172 2409; x_wconf 83' lang='grc' dir='ltr'>πῆ</span> <span class='ocrx_word' id='word_1_152' title='bbox 1198 2325 1252 2409; x_wconf 90' lang='grc' dir='ltr'>μέν</span> <span class='ocrx_word' id='word_1_153' title='bbox 1278 2324 1440 2406; x_wconf 86' lang='grc' dir='ltr'>ἐπιθυμίαν</span> 
     </span>
     <span class='ocr_line' id='line_1_18' title="bbox 322 2421 1440 2508; baseline -0.001 -22"><span class='ocrx_word' id='word_1_154' title='bbox 322 2426 400 2508; x_wconf 83' lang='grc' dir='ltr'>πρὸς</span> <span class='ocrx_word' id='word_1_155' title='bbox 419 2424 455 2488; x_wconf 92' lang='grc' dir='ltr'>τδ</span> <span class='ocrx_word' id='word_1_156' title='bbox 479 2427 547 2508; x_wconf 91' lang='grc' dir='ltr'>φῶς</span> <span class='ocrx_word' id='word_1_157' title='bbox 572 2421 700 2491; x_wconf 86' lang='grc' dir='ltr'>ἐκείνοις</span> <span class='ocrx_word' id='word_1_158' title='bbox 723 2422 868 2506; x_wconf 87' lang='grc' dir='ltr'>γενέσθαι</span> <span class='ocrx_word' id='word_1_159' title='bbox 890 2422 1000 2506; x_wconf 85' lang='grc' dir='ltr'>λέγειν,</span> <span class='ocrx_word' id='word_1_160' title='bbox 1021 2428 1063 2507; x_wconf 79' lang='grc' dir='ltr'>πῆ</span> <span class='ocrx_word' id='word_1_161' title='bbox 1087 2423 1327 2508; x_wconf 19' lang='grc' dir='ltr'>δέιπαρασκευγῖ</span> <span class='ocrx_word' id='word_1_162' title='bbox 1351 2425 1440 2486; x_wconf 87' lang='grc' dir='ltr'>πυλε-</span> 
     </span>
     <span class='ocr_line' id='line_1_19' title="bbox 324 2518 1440 2606; baseline -0.001 -22"><span class='ocrx_word' id='word_1_163' title='bbox 324 2526 400 2606; x_wconf 77' lang='grc' dir='ltr'>μικῇ</span> <span class='ocrx_word' id='word_1_164' title='bbox 425 2519 494 2584; x_wconf 88' lang='grc' dir='ltr'>κατ’</span> <span class='ocrx_word' id='word_1_165' title='bbox 523 2518 618 2583; x_wconf 84' lang='grc' dir='ltr'>αόταῦ</span> <span class='ocrx_word' id='word_1_166' title='bbox 651 2520 824 2604; x_wconf 77' lang='grc' dir='ltr'>κεχρῆσθαι</span> <span class='ocrx_word' id='word_1_167' title='bbox 858 2520 986 2590; x_wconf 76' lang='grc' dir='ltr'>τούτους</span> <span class='ocrx_word' id='word_1_168' title='bbox 1022 2523 1196 2606; x_wconf 75' lang='grc' dir='ltr'>ὁμολογεῖν.</span> <span class='ocrx_word' id='word_1_169' title='bbox 1255 2521 1349 2585; x_wconf 89' lang='grc' dir='ltr'>όπλον</span> <span class='ocrx_word' id='word_1_170' title='bbox 1383 2518 1440 2604; x_wconf 78' lang='grc' dir='ltr'>γὰρ</span> 
     </span>
     <span class='ocr_line' id='line_1_20' title="bbox 322 2615 1519 2704; baseline 0.003 -24"><span class='ocrx_word' id='word_1_171' title='bbox 322 2619 443 2687; x_wconf 91' lang='grc' dir='ltr'>πάντως</span> <span class='ocrx_word' id='word_1_172' title='bbox 468 2618 637 2701; x_wconf 84' lang='grc' dir='ltr'>πολεμικόν</span> <span class='ocrx_word' id='word_1_173' title='bbox 663 2615 743 2680; x_wconf 81' lang='grc' dir='ltr'>κατὰ</span> <span class='ocrx_word' id='word_1_174' title='bbox 772 2622 826 2681; x_wconf 91' lang='grc' dir='ltr'>τοῦ</span> <span class='ocrx_word' id='word_1_175' title='bbox 859 2615 1083 2703; x_wconf 85' lang='grc' dir='ltr'>ἀνθισταμένου</span> <span class='ocrx_word' id='word_1_176' title='bbox 1115 2619 1323 2704; x_wconf 77' lang='grc' dir='ltr'>προβάλλεται</span> <span class='ocrx_word' id='word_1_177' title='bbox 1350 2619 1440 2684; x_wconf 89' lang='grc' dir='ltr'>πολέ-</span> <span class='ocrx_word' id='word_1_178' title='bbox 1517 2649 1519 2653; x_wconf 95' lang='grc'><strong><em>·</em></strong></span> 
     </span>
     <span class='ocr_line' id='line_1_21' title="bbox 325 2713 1493 2800; baseline 0.003 -23"><span class='ocrx_word' id='word_1_179' title='bbox 325 2737 394 2797; x_wconf 89' lang='grc' dir='ltr'>μιος</span> <span class='ocrx_word' id='word_1_180' title='bbox 417 2716 514 2791; x_wconf 85' lang='grc' dir='ltr'>άπας,</span> <span class='ocrx_word' id='word_1_181' title='bbox 544 2715 582 2778; x_wconf 85' lang='grc' dir='ltr'>ού</span> <span class='ocrx_word' id='word_1_182' title='bbox 602 2714 672 2778; x_wconf 78' lang='grc' dir='ltr'>καθ’</span> <span class='ocrx_word' id='word_1_183' title='bbox 697 2713 734 2778; x_wconf 86' lang='grc' dir='ltr'>ού</span> <span class='ocrx_word' id='word_1_184' title='bbox 759 2713 826 2800; x_wconf 85' lang='grc' dir='ltr'>ἔχει</span> <span class='ocrx_word' id='word_1_185' title='bbox 846 2715 900 2798; x_wconf 81' lang='grc' dir='ltr'>τὴν</span> <span class='ocrx_word' id='word_1_186' title='bbox 923 2715 1087 2799; x_wconf 87' lang='grc' dir='ltr'>ἐπιθυμίαν</span> <span class='ocrx_word' id='word_1_187' title='bbox 1111 2715 1260 2780; x_wconf 89' lang='grc' dir='ltr'>ἐπάθλου.</span> <span class='ocrx_word' id='word_1_188' title='bbox 1293 2716 1321 2779; x_wconf 83' lang='grc' dir='ltr'>εί</span> <span class='ocrx_word' id='word_1_189' title='bbox 1341 2717 1439 2780; x_wconf 89' lang='grc' dir='ltr'>τοίνυν</span> <span class='ocrx_word' id='word_1_190' title='bbox 1457 2724 1493 2780; x_wconf 59' lang='grc' dir='ltr'>θ)</span> 
     </span>
     <span class='ocr_line' id='line_1_22' title="bbox 325 2809 1440 2896; baseline 0.003 -25"><span class='ocrx_word' id='word_1_191' title='bbox 325 2810 367 2893; x_wconf 86' lang='grc' dir='ltr'>μὴ</span> <span class='ocrx_word' id='word_1_192' title='bbox 389 2809 426 2895; x_wconf 78' lang='grc' dir='ltr'>ᾖν</span> <span class='ocrx_word' id='word_1_193' title='bbox 448 2811 527 2875; x_wconf 82' lang='grc' dir='ltr'>κατὰ</span> <span class='ocrx_word' id='word_1_194' title='bbox 549 2813 601 2895; x_wconf 70' lang='grc' dir='ltr'>τὴν</span> <span class='ocrx_word' id='word_1_195' title='bbox 624 2811 726 2876; x_wconf 81' lang='grc' dir='ltr'>αὐτῶν</span> <span class='ocrx_word' id='word_1_196' title='bbox 747 2809 869 2893; x_wconf 91' lang='grc' dir='ltr'>άγνοιαν</span> <span class='ocrx_word' id='word_1_197' title='bbox 895 2814 912 2876; x_wconf 92' lang='grc' dir='ltr'>ό</span> <span class='ocrx_word' id='word_1_198' title='bbox 936 2813 1170 2896; x_wconf 85' lang='grc' dir='ltr'>ἀνθιστάμενος,</span> <span class='ocrx_word' id='word_1_199' title='bbox 1194 2817 1261 2883; x_wconf 88' lang='grc' dir='ltr'>πῶς</span> <span class='ocrx_word' id='word_1_200' title='bbox 1281 2813 1337 2876; x_wconf 83' lang='grc' dir='ltr'>οὐκ</span> <span class='ocrx_word' id='word_1_201' title='bbox 1358 2814 1440 2878; x_wconf 85' lang='grc' dir='ltr'>ἐναν-</span> 
     </span>
     <span class='ocr_line' id='line_1_23' title="bbox 323 2906 1440 2996; baseline 0.003 -27"><span class='ocrx_word' id='word_1_202' title='bbox 323 2906 387 2969; x_wconf 87' lang='grc' dir='ltr'>τίον</span> <span class='ocrx_word' id='word_1_203' title='bbox 407 2906 442 2969; x_wconf 91' lang='grc' dir='ltr'>τδ</span> <span class='ocrx_word' id='word_1_204' title='bbox 464 2906 624 2991; x_wconf 80' lang='grc' dir='ltr'>ἐπιθυμεῖν</span> <span class='ocrx_word' id='word_1_205' title='bbox 642 2913 687 2994; x_wconf 74' lang='grc' dir='ltr'>τῷ</span> <span class='ocrx_word' id='word_1_206' title='bbox 703 2909 869 2991; x_wconf 74' lang='grc' dir='ltr'>πολεμεῖντ</span> <span class='ocrx_word' id='word_1_207' title='bbox 896 2912 963 2976; x_wconf 88' lang='grc' dir='ltr'>πῶς</span> <span class='ocrx_word' id='word_1_208' title='bbox 990 2909 1024 2971; x_wconf 91' lang='grc' dir='ltr'>δέ</span> <span class='ocrx_word' id='word_1_209' title='bbox 1048 2909 1119 2996; x_wconf 83' lang='grc' dir='ltr'>οὐχὶ</span> <span class='ocrx_word' id='word_1_210' title='bbox 1142 2910 1209 2973; x_wconf 91' lang='grc' dir='ltr'>λίαν</span> <span class='ocrx_word' id='word_1_211' title='bbox 1235 2909 1357 2995; x_wconf 71' lang='grc' dir='ltr'>κᾴκεῖνυ</span> <span class='ocrx_word' id='word_1_212' title='bbox 1385 2931 1440 2994; x_wconf 85' lang='grc' dir='ltr'>μα·</span> 
     </span>
     <span class='ocr_line' id='line_1_24' title="bbox 323 3002 1440 3092; baseline 0.003 -25"><span class='ocrx_word' id='word_1_213' title='bbox 323 3002 470 3089; x_wconf 83' lang='grc' dir='ltr'>χύμενον,</span> <span class='ocrx_word' id='word_1_214' title='bbox 499 3003 562 3088; x_wconf 76' lang='grc' dir='ltr'>εἴγε</span> <span class='ocrx_word' id='word_1_215' title='bbox 588 3005 618 3068; x_wconf 82' lang='grc' dir='ltr'>υί</span> <span class='ocrx_word' id='word_1_216' title='bbox 645 3003 800 3089; x_wconf 86' lang='grc' dir='ltr'>μηδέποτε</span> <span class='ocrx_word' id='word_1_217' title='bbox 824 3007 1086 3090; x_wconf 82' lang='grc' dir='ltr'>συμφωνήσαντες</span> <span class='ocrx_word' id='word_1_218' title='bbox 1110 3006 1141 3070; x_wconf 81' lang='grc' dir='ltr'>ἐν</span> <span class='ocrx_word' id='word_1_219' title='bbox 1166 3010 1229 3076; x_wconf 86' lang='grc' dir='ltr'>τοῖς</span> <span class='ocrx_word' id='word_1_220' title='bbox 1250 3006 1329 3070; x_wconf 78' lang='grc' dir='ltr'>κατὰ</span> <span class='ocrx_word' id='word_1_221' title='bbox 1351 3006 1440 3092; x_wconf 90' lang='grc' dir='ltr'>φύσιν</span> 
     </span>
     <span class='ocr_line' id='line_1_25' title="bbox 325 3098 1439 3189; baseline 0.004 -25"><span class='ocrx_word' id='word_1_222' title='bbox 325 3101 473 3185; x_wconf 81' lang='grc' dir='ltr'>ἀλλήλοις</span> <span class='ocrx_word' id='word_1_223' title='bbox 499 3098 680 3177; x_wconf 74' lang='grc' dir='ltr'>συνέπνευνγ</span> <span class='ocrx_word' id='word_1_224' title='bbox 710 3101 791 3185; x_wconf 91' lang='grc' dir='ltr'>όμοῦ</span> <span class='ocrx_word' id='word_1_225' title='bbox 820 3105 895 3188; x_wconf 88' lang='grc' dir='ltr'>γάρ,</span> <span class='ocrx_word' id='word_1_226' title='bbox 925 3103 1016 3188; x_wconf 84' lang='grc' dir='ltr'>φησί,</span> <span class='ocrx_word' id='word_1_227' title='bbox 1041 3102 1120 3167; x_wconf 80' lang='grc' dir='ltr'>κατὰ</span> <span class='ocrx_word' id='word_1_228' title='bbox 1149 3107 1204 3168; x_wconf 90' lang='grc' dir='ltr'>τοῦ</span> <span class='ocrx_word' id='word_1_229' title='bbox 1226 3104 1329 3189; x_wconf 84' lang='grc' dir='ltr'>φωτὸς</span> <span class='ocrx_word' id='word_1_230' title='bbox 1353 3103 1439 3189; x_wconf 84' lang='grc' dir='ltr'>ἐβου-</span> 
     </span>
     <span class='ocr_line' id='line_1_26' title="bbox 324 3197 1492 3286; baseline 0.003 -24"><span class='ocrx_word' id='word_1_231' title='bbox 324 3198 485 3262; x_wconf 88' lang='grc' dir='ltr'>λεύσαντο.</span> <span class='ocrx_word' id='word_1_232' title='bbox 529 3199 559 3262; x_wconf 78' lang='grc' dir='ltr'>οἱ</span> <span class='ocrx_word' id='word_1_233' title='bbox 581 3199 638 3283; x_wconf 82' lang='grc' dir='ltr'>γὰρ</span> <span class='ocrx_word' id='word_1_234' title='bbox 664 3197 702 3261; x_wconf 83' lang='grc' dir='ltr'>τέ</span> <span class='ocrx_word' id='word_1_235' title='bbox 725 3200 870 3284; x_wconf 79' lang='grc' dir='ltr'>ἀλλήλων</span> <span class='ocrx_word' id='word_1_236' title='bbox 895 3199 973 3285; x_wconf 88' lang='grc' dir='ltr'>μέλη</span> <span class='ocrx_word' id='word_1_237' title='bbox 997 3198 1181 3286; x_wconf 81' lang='grc' dir='ltr'>τρεφόμενοι</span> <span class='ocrx_word' id='word_1_238' title='bbox 1201 3202 1253 3265; x_wconf 86' lang='grc' dir='ltr'>καὶ</span> <span class='ocrx_word' id='word_1_239' title='bbox 1285 3200 1439 3285; x_wconf 86' lang='grc' dir='ltr'>μηδέποτε</span> <span class='ocrx_word' id='word_1_240' title='bbox 1457 3209 1492 3266; x_wconf 63' lang='lat'><strong>5</strong></span> 
     </span>
     <span class='ocr_line' id='line_1_27' title="bbox 323 3296 1440 3385; baseline 0.002 -26"><span class='ocrx_word' id='word_1_241' title='bbox 323 3300 378 3380; x_wconf 75' lang='grc' dir='ltr'>τῆς</span> <span class='ocrx_word' id='word_1_242' title='bbox 407 3297 473 3359; x_wconf 85' lang='grc' dir='ltr'>κατ’</span> <span class='ocrx_word' id='word_1_243' title='bbox 501 3296 647 3380; x_wconf 77' lang='grc' dir='ltr'>ἀλλήλων</span> <span class='ocrx_word' id='word_1_244' title='bbox 675 3297 786 3379; x_wconf 90' lang='grc' dir='ltr'>μανίας</span> <span class='ocrx_word' id='word_1_245' title='bbox 809 3300 1004 3383; x_wconf 84' lang='grc' dir='ltr'>παυσάμενοι</span> <span class='ocrx_word' id='word_1_246' title='bbox 1023 3304 1091 3368; x_wconf 92' lang='grc' dir='ltr'>πῶς</span> <span class='ocrx_word' id='word_1_247' title='bbox 1114 3299 1145 3362; x_wconf 85' lang='grc' dir='ltr'>ἐν</span> <span class='ocrx_word' id='word_1_248' title='bbox 1162 3303 1226 3368; x_wconf 75' lang='grc' dir='ltr'>τοῖς</span> <span class='ocrx_word' id='word_1_249' title='bbox 1244 3297 1329 3383; x_wconf 80' lang='grc' dir='ltr'>παρὰ</span> <span class='ocrx_word' id='word_1_250' title='bbox 1351 3298 1440 3385; x_wconf 86' lang='grc' dir='ltr'>φύσιν</span> 
     </span>
     <span class='ocr_line' id='line_1_28' title="bbox 324 3392 1441 3482; baseline 0.002 -24"><span class='ocrx_word' id='word_1_251' title='bbox 324 3395 369 3464; x_wconf 89' lang='grc' dir='ltr'>είς</span> <span class='ocrx_word' id='word_1_252' title='bbox 390 3394 554 3478; x_wconf 88' lang='grc' dir='ltr'>ἐπιθυμίαν</span> <span class='ocrx_word' id='word_1_253' title='bbox 576 3392 642 3478; x_wconf 84' lang='grc' dir='ltr'>άμα</span> <span class='ocrx_word' id='word_1_254' title='bbox 655 3394 716 3465; x_wconf 81' lang='grc' dir='ltr'>καί</span> <span class='ocrx_word' id='word_1_255' title='bbox 737 3394 830 3478; x_wconf 83' lang='grc' dir='ltr'>όργὴν</span> <span class='ocrx_word' id='word_1_256' title='bbox 850 3396 929 3460; x_wconf 77' lang='grc' dir='ltr'>κατὰ</span> <span class='ocrx_word' id='word_1_257' title='bbox 950 3397 1185 3482; x_wconf 89' lang='grc' dir='ltr'>ταῦκρείττονυς</span> <span class='ocrx_word' id='word_1_258' title='bbox 1205 3399 1441 3482; x_wconf 73' lang='grc' dir='ltr'>συνεφιόνησανς</span> 
     </span>
     <span class='ocr_line' id='line_1_29' title="bbox 324 3491 1442 3580; baseline 0.005 -26"><span class='ocrx_word' id='word_1_259' title='bbox 324 3492 353 3555; x_wconf 80' lang='grc' dir='ltr'>εί</span> <span class='ocrx_word' id='word_1_260' title='bbox 371 3491 407 3554; x_wconf 85' lang='grc' dir='ltr'>δέ</span> <span class='ocrx_word' id='word_1_261' title='bbox 439 3491 558 3575; x_wconf 89' lang='grc' dir='ltr'>ῶνησεν</span> <span class='ocrx_word' id='word_1_262' title='bbox 585 3491 698 3561; x_wconf 82' lang='grc' dir='ltr'>αὐτοὺς</span> <span class='ocrx_word' id='word_1_263' title='bbox 723 3492 743 3575; x_wconf 81' lang='grc' dir='ltr'>η</span> <span class='ocrx_word' id='word_1_264' title='bbox 766 3491 827 3555; x_wconf 89' lang='grc' dir='ltr'>θέα</span> <span class='ocrx_word' id='word_1_265' title='bbox 847 3498 903 3556; x_wconf 91' lang='grc' dir='ltr'>τοῦ</span> <span class='ocrx_word' id='word_1_266' title='bbox 923 3491 1038 3578; x_wconf 87' lang='grc' dir='ltr'>φωτός,</span> <span class='ocrx_word' id='word_1_267' title='bbox 1057 3497 1124 3563; x_wconf 91' lang='grc' dir='ltr'>πῶς</span> <span class='ocrx_word' id='word_1_268' title='bbox 1145 3494 1202 3558; x_wconf 88' lang='grc' dir='ltr'>υύκ</span> <span class='ocrx_word' id='word_1_269' title='bbox 1224 3492 1289 3560; x_wconf 77' lang='grc' dir='ltr'>ἔδει</span> <span class='ocrx_word' id='word_1_270' title='bbox 1311 3517 1346 3578; x_wconf 88' lang='grc' dir='ltr'>γε</span> <span class='ocrx_word' id='word_1_271' title='bbox 1356 3497 1442 3580; x_wconf 83' lang='grc' dir='ltr'>πρὸς</span> 
     </span>
     <span class='ocr_line' id='line_1_30' title="bbox 324 3588 1440 3678; baseline 0.008 -28"><span class='ocrx_word' id='word_1_272' title='bbox 324 3589 445 3670; x_wconf 81' lang='grc' dir='ltr'>ἀγαθοῦ</span> <span class='ocrx_word' id='word_1_273' title='bbox 473 3589 551 3672; x_wconf 90' lang='grc' dir='ltr'>πρδς</span> <span class='ocrx_word' id='word_1_274' title='bbox 575 3589 695 3652; x_wconf 86' lang='grc' dir='ltr'>τελείαν</span> <span class='ocrx_word' id='word_1_275' title='bbox 721 3588 834 3659; x_wconf 81' lang='grc' dir='ltr'>αύτούς</span> <span class='ocrx_word' id='word_1_276' title='bbox 853 3595 909 3674; x_wconf 80' lang='grc' dir='ltr'>τῆς</span> <span class='ocrx_word' id='word_1_277' title='bbox 932 3590 1057 3676; x_wconf 86' lang='grc' dir='ltr'>φύσεως</span> <span class='ocrx_word' id='word_1_278' title='bbox 1075 3591 1249 3677; x_wconf 82' lang='grc' dir='ltr'>μεταβολὴν</span> <span class='ocrx_word' id='word_1_279' title='bbox 1272 3593 1440 3678; x_wconf 82' lang='grc' dir='ltr'>Εεναγωγη·</span> 
     </span>
     <span class='ocr_line' id='line_1_31' title="bbox 258 3682 1492 3774; baseline 0.006 -28"><span class='ocrx_word' id='word_1_280' title='bbox 258 3682 264 3690; x_wconf 78' lang='grc'><strong><em>’</em></strong></span> <span class='ocrx_word' id='word_1_281' title='bbox 323 3685 417 3768; x_wconf 77' lang='grc' dir='ltr'>θῆναι</span> <span class='ocrx_word' id='word_1_282' title='bbox 443 3690 484 3768; x_wconf 73' lang='grc' dir='ltr'>τῇ</span> <span class='ocrx_word' id='word_1_283' title='bbox 512 3685 662 3770; x_wconf 77' lang='grc' dir='ltr'>ἐπιτροπῇ</span> <span class='ocrx_word' id='word_1_284' title='bbox 692 3691 747 3770; x_wconf 78' lang='grc' dir='ltr'>τῆς</span> <span class='ocrx_word' id='word_1_285' title='bbox 773 3687 915 3759; x_wconf 84' lang='grc' dir='ltr'>ἐντελοῦς</span> <span class='ocrx_word' id='word_1_286' title='bbox 938 3693 992 3752; x_wconf 89' lang='grc' dir='ltr'>τοῦ</span> <span class='ocrx_word' id='word_1_287' title='bbox 1026 3690 1195 3774; x_wconf 89' lang='grc' dir='ltr'>κρείττονος</span> <span class='ocrx_word' id='word_1_288' title='bbox 1222 3690 1441 3768; x_wconf 75' lang='grc' dir='ltr'>άπαλαύσεωςς</span> <span class='ocrx_word' id='word_1_289' title='bbox 1456 3695 1492 3753; x_wconf 64' lang='lat'>³]</span> 
     </span>
     <span class='ocr_line' id='line_1_32' title="bbox 323 3781 1441 3873; baseline 0.009 -30"><span class='ocrx_word' id='word_1_290' title='bbox 323 3786 391 3850; x_wconf 83' lang='grc' dir='ltr'>πῶς</span> <span class='ocrx_word' id='word_1_291' title='bbox 419 3781 454 3844; x_wconf 90' lang='grc' dir='ltr'>δέ</span> <span class='ocrx_word' id='word_1_292' title='bbox 482 3781 601 3865; x_wconf 89' lang='grc' dir='ltr'>ῶνησεν</span> <span class='ocrx_word' id='word_1_293' title='bbox 626 3783 646 3864; x_wconf 77' lang='grc' dir='ltr'>ἡ</span> <span class='ocrx_word' id='word_1_294' title='bbox 679 3782 740 3846; x_wconf 91' lang='grc' dir='ltr'>θέα</span> <span class='ocrx_word' id='word_1_295' title='bbox 763 3788 818 3847; x_wconf 89' lang='grc' dir='ltr'>τοῦ</span> <span class='ocrx_word' id='word_1_296' title='bbox 851 3787 1000 3869; x_wconf 85' lang='grc' dir='ltr'>φανέντος</span> <span class='ocrx_word' id='word_1_297' title='bbox 1025 3789 1128 3871; x_wconf 85' lang='grc' dir='ltr'>φωτός</span> <span class='ocrx_word' id='word_1_298' title='bbox 1149 3787 1441 3873; x_wconf 86' lang='grc' dir='ltr'>στρατευσαμένους,</span> 
     </span>
     <span class='ocr_line' id='line_1_33' title="bbox 325 3877 1438 3969; baseline 0.008 -29"><span class='ocrx_word' id='word_1_299' title='bbox 325 3877 371 3947; x_wconf 72' lang='grc' dir='ltr'>οἷς</span> <span class='ocrx_word' id='word_1_300' title='bbox 390 3878 444 3962; x_wconf 84' lang='grc' dir='ltr'>τὴν</span> <span class='ocrx_word' id='word_1_301' title='bbox 474 3878 583 3963; x_wconf 88' lang='grc' dir='ltr'>μανίαν</span> <span class='ocrx_word' id='word_1_302' title='bbox 612 3878 715 3944; x_wconf 88' lang='grc' dir='ltr'>ούκέτι</span> <span class='ocrx_word' id='word_1_303' title='bbox 741 3880 808 3944; x_wconf 86' lang='grc' dir='ltr'>κατ’</span> <span class='ocrx_word' id='word_1_304' title='bbox 839 3883 984 3965; x_wconf 81' lang='grc' dir='ltr'>ἀλλήλων</span> <span class='ocrx_word' id='word_1_305' title='bbox 1017 3881 1150 3954; x_wconf 89' lang='grc' dir='ltr'>δεόντως</span> <span class='ocrx_word' id='word_1_306' title='bbox 1183 3885 1315 3969; x_wconf 87' lang='grc' dir='ltr'>ἐνεργεῖν</span> <span class='ocrx_word' id='word_1_307' title='bbox 1349 3889 1438 3949; x_wconf 90' lang='grc' dir='ltr'>τοῦτο</span> 
     </span>
     <span class='ocr_line' id='line_1_34' title="bbox 327 3975 1439 4067; baseline 0.007 -29"><span class='ocrx_word' id='word_1_308' title='bbox 327 3977 540 4062; x_wconf 79' lang='grc' dir='ltr'>συνεχώρησε,</span> <span class='ocrx_word' id='word_1_309' title='bbox 562 3975 634 4040; x_wconf 86' lang='grc' dir='ltr'>καθ’</span> <span class='ocrx_word' id='word_1_310' title='bbox 650 3978 764 4043; x_wconf 83' lang='grc' dir='ltr'>ἐαυτοῦ</span> <span class='ocrx_word' id='word_1_311' title='bbox 786 3977 822 4042; x_wconf 86' lang='grc' dir='ltr'>δέ</span> <span class='ocrx_word' id='word_1_312' title='bbox 842 3977 927 4062; x_wconf 84' lang='grc' dir='ltr'>παρὰ</span> <span class='ocrx_word' id='word_1_313' title='bbox 947 3981 980 4042; x_wconf 90' lang='grc' dir='ltr'>τδ</span> <span class='ocrx_word' id='word_1_314' title='bbox 1001 3979 1072 4044; x_wconf 89' lang='grc' dir='ltr'>δέον</span> <span class='ocrx_word' id='word_1_315' title='bbox 1097 3979 1235 4067; x_wconf 79' lang='grc' dir='ltr'>ἔτρεψεν.</span> <span class='ocrx_word' id='word_1_316' title='bbox 1258 3981 1338 4046; x_wconf 77' lang='grc' dir='ltr'>ἀλλὰ</span> <span class='ocrx_word' id='word_1_317' title='bbox 1360 3982 1439 4046; x_wconf 86' lang='grc' dir='ltr'>πολύ</span> 
     </span>
     <span class='ocr_line' id='line_1_35' title="bbox 319 4073 1442 4162; baseline 0.006 -26"><span class='ocrx_word' id='word_1_318' title='bbox 319 4074 380 4157; x_wconf 91' lang='grc' dir='ltr'>’μέν</span> <span class='ocrx_word' id='word_1_319' title='bbox 403 4073 436 4136; x_wconf 84' lang='grc' dir='ltr'>ἐν</span> <span class='ocrx_word' id='word_1_320' title='bbox 458 4073 579 4143; x_wconf 79' lang='grc' dir='ltr'>τούτοις</span> <span class='ocrx_word' id='word_1_321' title='bbox 600 4079 664 4145; x_wconf 85' lang='grc' dir='ltr'>τοῖς</span> <span class='ocrx_word' id='word_1_322' title='bbox 679 4077 839 4160; x_wconf 84' lang='grc' dir='ltr'>πλάσμασι</span> <span class='ocrx_word' id='word_1_323' title='bbox 860 4077 894 4140; x_wconf 90' lang='grc' dir='ltr'>τδ</span> <span class='ocrx_word' id='word_1_324' title='bbox 915 4078 1063 4162; x_wconf 80' lang='grc' dir='ltr'>ληρῶδες,</span> <span class='ocrx_word' id='word_1_325' title='bbox 1090 4083 1185 4144; x_wconf 88' lang='grc' dir='ltr'>ταῦτα</span> <span class='ocrx_word' id='word_1_326' title='bbox 1211 4080 1316 4144; x_wconf 80' lang='grc' dir='ltr'>δὲκαὶ</span> <span class='ocrx_word' id='word_1_327' title='bbox 1338 4078 1442 4150; x_wconf 81' lang='grc' dir='ltr'>ἄλλως</span> 
     </span>
     <span class='ocr_line' id='line_1_36' title="bbox 324 4169 1491 4260; baseline 0.003 -27"><span class='ocrx_word' id='word_1_328' title='bbox 324 4169 523 4254; x_wconf 81' lang='grc' dir='ltr'>ἀσύγγνωστα</span> <span class='ocrx_word' id='word_1_329' title='bbox 544 4173 694 4260; x_wconf 90' lang='grc' dir='ltr'>δειχθείη.</span> <span class='ocrx_word' id='word_1_330' title='bbox 737 4177 793 4256; x_wconf 76' lang='grc' dir='ltr'>γῆν</span> <span class='ocrx_word' id='word_1_331' title='bbox 815 4171 873 4257; x_wconf 84' lang='grc' dir='ltr'>γὰρ</span> <span class='ocrx_word' id='word_1_332' title='bbox 898 4173 1085 4260; x_wconf 75' lang='grc' dir='ltr'>ὀνομάζουσι</span> <span class='ocrx_word' id='word_1_333' title='bbox 1105 4181 1159 4242; x_wconf 87' lang='grc' dir='ltr'>τοῦ</span> <span class='ocrx_word' id='word_1_334' title='bbox 1182 4177 1314 4260; x_wconf 84' lang='grc' dir='ltr'>ἀγαθοῦ.</span> <span class='ocrx_word' id='word_1_335' title='bbox 1349 4176 1438 4240; x_wconf 90' lang='grc' dir='ltr'>ποίαν</span> <span class='ocrx_word' id='word_1_336' title='bbox 1456 4179 1491 4236; x_wconf 57' lang='grc' dir='ltr'>Μ</span> 
     </span>
     <span class='ocr_line' id='line_1_37' title="bbox 268 4266 1441 4360; baseline 0.011 -30"><span class='ocrx_word' id='word_1_337' title='bbox 268 4277 277 4290; x_wconf 85' lang='grc'><em>“</em></span> <span class='ocrx_word' id='word_1_338' title='bbox 324 4266 361 4330; x_wconf 78' lang='grc' dir='ltr'>δέ</span> <span class='ocrx_word' id='word_1_339' title='bbox 386 4268 497 4354; x_wconf 87' lang='grc' dir='ltr'>ταύτην</span> <span class='ocrx_word' id='word_1_340' title='bbox 522 4272 582 4355; x_wconf 92' lang='grc' dir='ltr'>πρδ</span> <span class='ocrx_word' id='word_1_341' title='bbox 609 4275 664 4357; x_wconf 82' lang='grc' dir='ltr'>τῆς</span> <span class='ocrx_word' id='word_1_342' title='bbox 692 4270 908 4356; x_wconf 78' lang='grc' dir='ltr'>δημιουργίαςς</span> <span class='ocrx_word' id='word_1_343' title='bbox 934 4276 1146 4360; x_wconf 86' lang='grc' dir='ltr'>προλαμβάνει</span> <span class='ocrx_word' id='word_1_344' title='bbox 1174 4275 1212 4358; x_wconf 88' lang='grc' dir='ltr'>δὴ</span> <span class='ocrx_word' id='word_1_345' title='bbox 1240 4275 1313 4360; x_wconf 89' lang='grc' dir='ltr'>παρ’</span> <span class='ocrx_word' id='word_1_346' title='bbox 1338 4273 1441 4343; x_wconf 81' lang='grc' dir='ltr'>αὐτοῖς</span> 
     </span>
     <span class='ocr_line' id='line_1_38' title="bbox 323 4363 1441 4458; baseline 0.005 -30"><span class='ocrx_word' id='word_1_347' title='bbox 323 4363 362 4429; x_wconf 76' lang='grc' dir='ltr'>τὰ</span> <span class='ocrx_word' id='word_1_348' title='bbox 382 4364 520 4450; x_wconf 87' lang='grc' dir='ltr'>όνόματα</span> <span class='ocrx_word' id='word_1_349' title='bbox 541 4373 601 4432; x_wconf 92' lang='grc' dir='ltr'>τῶν</span> <span class='ocrx_word' id='word_1_350' title='bbox 620 4371 807 4456; x_wconf 87' lang='grc' dir='ltr'>πραγμάτων</span> <span class='ocrx_word' id='word_1_351' title='bbox 830 4371 883 4452; x_wconf 83' lang='grc' dir='ltr'>τὴν</span> <span class='ocrx_word' id='word_1_352' title='bbox 907 4369 1034 4454; x_wconf 89' lang='grc' dir='ltr'>γένεσιν.</span> <span class='ocrx_word' id='word_1_353' title='bbox 1076 4373 1144 4458; x_wconf 87' lang='grc' dir='ltr'>πρὶν</span> <span class='ocrx_word' id='word_1_354' title='bbox 1167 4371 1224 4457; x_wconf 78' lang='grc' dir='ltr'>γὰρ</span> <span class='ocrx_word' id='word_1_355' title='bbox 1248 4374 1441 4456; x_wconf 80' lang='grc' dir='ltr'>ὁμολογῆσαι</span> 
     </span>
    </p>
   </div>
   <div class='ocr_carea' id='block_1_3' title="bbox 322 4461 1439 4654">
    <p class='ocr_par' dir='ltr' id='par_1_3' title="bbox 322 4461 1439 4654">
     <span class='ocr_line' id='line_1_39' title="bbox 322 4461 1439 4556; baseline 0.01 -30"><span class='ocrx_word' id='word_1_356' title='bbox 322 4461 375 4526; x_wconf 87' lang='grc' dir='ltr'>τδν</span> <span class='ocrx_word' id='word_1_357' title='bbox 394 4461 468 4528; x_wconf 92' lang='grc' dir='ltr'>θεδν</span> <span class='ocrx_word' id='word_1_358' title='bbox 488 4464 699 4549; x_wconf 83' lang='grc' dir='ltr'>πεποιηκέναι,</span> <span class='ocrx_word' id='word_1_359' title='bbox 725 4467 810 4552; x_wconf 86' lang='grc' dir='ltr'>λέγει</span> <span class='ocrx_word' id='word_1_360' title='bbox 831 4467 910 4531; x_wconf 80' lang='grc' dir='ltr'>εἶναι</span> <span class='ocrx_word' id='word_1_361' title='bbox 933 4469 949 4531; x_wconf 90' lang='grc' dir='ltr'>ό</span> <span class='ocrx_word' id='word_1_362' title='bbox 972 4470 1180 4554; x_wconf 80' lang='grc' dir='ltr'>χαλεπώτατα</span> <span class='ocrx_word' id='word_1_363' title='bbox 1200 4470 1305 4554; x_wconf 83' lang='grc' dir='ltr'>μανεὶς</span> <span class='ocrx_word' id='word_1_364' title='bbox 1325 4471 1359 4536; x_wconf 91' lang='grc' dir='ltr'>τδ</span> <span class='ocrx_word' id='word_1_365' title='bbox 1385 4495 1439 4556; x_wconf 83' lang='grc' dir='ltr'>μη·</span> 
     </span>
     <span class='ocr_line' id='line_1_40' title="bbox 324 4557 1438 4654; baseline 0.009 -31"><span class='ocrx_word' id='word_1_366' title='bbox 324 4557 409 4626; x_wconf 85' lang='grc' dir='ltr'>δέπα</span> <span class='ocrx_word' id='word_1_367' title='bbox 431 4561 645 4648; x_wconf 81' lang='grc' dir='ltr'>γεγενημένον.</span> <span class='ocrx_word' id='word_1_368' title='bbox 674 4568 713 4649; x_wconf 80' lang='grc' dir='ltr'>γῆ</span> <span class='ocrx_word' id='word_1_369' title='bbox 733 4565 791 4650; x_wconf 78' lang='grc' dir='ltr'>γὰρ</span> <span class='ocrx_word' id='word_1_370' title='bbox 813 4565 841 4628; x_wconf 81' lang='grc' dir='ltr'>εί</span> <span class='ocrx_word' id='word_1_371' title='bbox 865 4566 921 4648; x_wconf 82' lang='grc' dir='ltr'>μὲν</span> <span class='ocrx_word' id='word_1_372' title='bbox 944 4565 1081 4648; x_wconf 88' lang='grc' dir='ltr'>ἐγένετο,</span> <span class='ocrx_word' id='word_1_373' title='bbox 1102 4567 1150 4653; x_wconf 75' lang='grc' dir='ltr'>ἦν.</span> <span class='ocrx_word' id='word_1_374' title='bbox 1189 4569 1216 4630; x_wconf 82' lang='grc' dir='ltr'>εἰ</span> <span class='ocrx_word' id='word_1_375' title='bbox 1238 4569 1273 4634; x_wconf 86' lang='grc' dir='ltr'>δέ</span> <span class='ocrx_word' id='word_1_376' title='bbox 1294 4569 1334 4654; x_wconf 81' lang='grc' dir='ltr'>μὴ</span> <span class='ocrx_word' id='word_1_377' title='bbox 1358 4591 1438 4654; x_wconf 87' lang='grc' dir='ltr'>γενο·</span> 
     </span>
    </p>
   </div>
   <div class='ocr_carea' id='block_1_4' title="bbox 0 0 1764 5434">
    <p class='ocr_par' dir='ltr' id='par_1_4' title="bbox 0 0 1764 5434">
     <span class='ocr_line' id='line_1_41' title="bbox 0 0 1764 5434; baseline 0 1"><span class='ocrx_word' id='word_1_378' title='bbox 0 0 1764 5434; x_wconf 95' lang='lat' dir='ltr'> </span> 
     </span>
    </p>
   </div>
  </div>
 </body>
</html>
