3517 5434
867 627 923 688 12¹
1372 639 1453 696 Ἰουλ.

340 797 440 870 ζεται,
468 791 499 854 τί
522 793 557 856 τδ
588 790 730 873 ἁγιάζονς
761 790 829 854 ἀλλ’
863 791 949 876 όμως
977 793 1138 865 φυλάττων
1168 795 1201 856 τδ
1234 792 1454 878 διπρόσωπον

339 895 389 956 καὶ
414 891 468 974 τῆν
498 888 662 973 ἀμέριστον
691 878 760 956 ένδς
786 886 869 972 ζῴου
899 891 1031 975 δήλωσιν
1060 888 1094 952 τό
1123 911 1156 951 τε
1184 890 1316 974 ἁγιάζειν
1347 890 1398 952 καὶ
1420 891 1453 953 τδ

340 990 520 1074 ἁγιάζεσθαι
547 985 621 1050 καθ’
647 985 722 1049 όλου
743 983 890 1062 τέθεικεν,
921 985 959 1048 ἵν’
984 987 1106 1073 ἀκριβὲς
1128 989 1200 1071 ἡμῖν
1224 985 1246 1073 ή
1270 987 1322 1050 καλ
1345 985 1454 1071 σαφές,

340 1087 387 1150 ότι
406 1087 443 1151 οὐ
462 1087 540 1150 κατὰ
561 1086 612 1148 τὸν
634 1084 823 1169 προφητικὸν
847 1083 923 1146 οδδέ
943 1084 1021 1147 κατὰ
1044 1086 1094 1148 τδν
1119 1085 1321 1148 ἀποστολικδν
1344 1082 1455 1169 τρόπον

340 1182 435 1253 ἀλλος
462 1183 556 1247 ἀλλον
586 1181 715 1264 ἁγιάζει,
744 1179 884 1265 καθάπερ
914 1183 949 1245 τδ
978 1187 1099 1266 πνεῦμα
1121 1181 1192 1252 τοὺς
1213 1182 1375 1267 προφήτας
1403 1181 1489 1244 καλό

339 1281 410 1350 τοὺς
432 1279 634 1356 ἀποστόλους,
659 1280 764 1361 ὥσπερ
784 1278 801 1340 ό
824 1276 949 1348 Παῦλός
968 1301 1043 1364 φησι
1064 1280 1134 1364 περὶ
1153 1283 1207 1362 τῆς
1226 1282 1326 1364 πάσης
1351 1279 1455 1362 ἐκκλη·

341 1379 408 1446 σίας
428 1381 570 1462 ,κλητοῖς
582 1377 679 1458 ἁγίοις
689 1376 741 1438 καὶ
752 1374 951 1458 ἡγιασμένοις
971 1377 1001 1439 ἐν
1024 1381 1140 1462 χριστῷ
1156 1376 1278 1461 Ἰησοθ*
1300 1377 1351 1440 καὶ
1365 1375 1457 1446 αάτδς

341 1477 357 1540 ό
377 1475 480 1559 σωτήρ
499 1476 570 1559 περὶ
584 1477 644 1536 τῶν
663 1472 844 1536 ἀποστόλων
868 1474 1014 1557 ,ἁγίασον
1028 1474 1140 1544 αὐτοὺς
1155 1475 1185 1538 ἐν
1199 1475 1362 1560 ἀληθείιρ“.
1398 1475 1455 1559 όλη

339 1573 396 1658 γὰρ
428 1575 448 1655 ή
481 1572 658 1657 ἀνθρωπίνη
692 1570 781 1656 φόσις
815 1571 846 1634 ἐν
879 1577 924 1656 τῷ
959 1571 1103 1654 ἁγιάζειν.
1152 1574 1204 1637 καὶ
1233 1575 1266 1638 τδ
1298 1573 1456 1660 άγγελικδν

340 1673 440 1754 τάγμα
465 1673 508 1737 ὡς
534 1669 626 1740 αὐτὸς
650 1671 702 1734 καὶ
729 1673 815 1732 πᾶσα
837 1671 856 1752 ή
878 1670 972 1738 κτίσις
992 1669 1180 1755 ἁγιαζομένη
1206 1671 1269 1734 ἐστι
1290 1673 1340 1736 καὶ
1364 1695 1454 1756 φωτι-
1474 1681 1508 1736 1⁰

221 1811 225 1816 .
341 1768 466 1852 ζομένη,
486 1768 610 1850 ἁγιάζον
631 1767 666 1830 δὲ
684 1768 718 1830 τδ
735 1771 857 1850 πνεῦμα
876 1767 927 1831 καὶ
949 1769 1092 1853 φωτίζον,
1117 1769 1252 1852 ἁγιάζων
1274 1768 1308 1830 δὲ
1329 1770 1345 1833 ό
1365 1768 1457 1851 λόγος

341 1867 391 1930 διὰ
423 1870 478 1929 τοῦ
509 1863 682 1947 πνεόματος
712 1865 764 1928 καὶ
795 1864 956 1948 φωτίζων,
993 1865 1196 1950 ἁγιαζόμενος
1231 1864 1265 1928 δὲ
1299 1865 1456 1951 οὐδαμῶς,

339 1965 457 2046 κτίστης
477 1962 534 2046 γὰρ
556 1963 607 2024 καὶ
628 1960 664 2024 οδ
687 1962 808 2045 κτίσμα.
848 1960 930 2023 ἀλλὰ
953 1961 1086 2027 ἐνταῦθα
1108 1965 1141 2027 τδ
1166 1962 1356 2045 ἁγιάζεσθαι,
1380 1961 1455 2028 ἔνθα

340 2065 391 2125 καὶ
410 2063 445 2124 τδ
469 2058 730 2141 σεσωματῖισθαι,
755 2060 806 2123 καὶ
827 2058 971 2143 διήρηται
994 2059 1048 2142 μέν
1071 2059 1108 2123 τὰ
1130 2061 1310 2144 πράγματα,
1340 2061 1456 2145 ἥνωται

341 2159 376 2222 δέ
394 2157 472 2221 κατὰ
491 2158 544 2240 τῆν
568 2160 621 2239 τῆς
641 2157 754 2239 σαρκὸς
775 2156 851 2239 πρδς
870 2154 1004 2240 θεότητα
1024 2156 1143 2232 ἕνωσιν,
1163 2158 1243 2218 ὥστε
1261 2156 1302 2240 μῆ
1320 2155 1455 2220 διαστέλ·
1475 2169 1508 2222 15

341 2256 450 2319 λεσθαι
478 2255 582 2338 ἕτερον
612 2254 663 2318 τδν
689 2254 852 2336 ἁγιάζοντα
883 2255 935 2316 καὶ
963 2253 1066 2338 ἕτερον
1097 2255 1147 2317 τὸν
1177 2253 1378 2338 ἁγιαζόμενοι
1405 2252 1458 2318 κἀλ

341 2355 418 2437 αότη
447 2354 482 2416 δέ
509 2351 593 2420 όλως
613 2351 633 2434 ἡ
655 2351 808 2434 σάρκωσίς
829 2351 907 2414 ἐστιν
932 2351 1090 2435 ἁγιασμός.
1136 2352 1151 2415 ό
1176 2353 1232 2437 γὰρ
1257 2353 1359 2437 αωτῆρ
1382 2352 1459 2437 πρὸς

340 2452 411 2520 τοδς
422 2450 567 2534 λέγοντας
588 2448 644 2526 ,σὺ
658 2447 824 2532 ἀνθρωπος
835 2449 877 2512 ὢν
890 2452 988 2518 ποιεῖς
1003 2451 1131 2513 σεαυτὸν
1147 2450 1239 2515 θεὸν*
1257 2449 1457 2514 ἀποδέδωκεν

340 2553 394 2632 τῆς
418 2549 496 2617 ἰδίας
519 2545 756 2631 ἀνθρωπότητος
776 2548 827 2610 τδν
851 2547 942 2631 λόγον
966 2546 1063 2630 λέγων
1095 2547 1148 2625 ,δν
1170 2548 1186 2611 ό
1209 2547 1308 2632 πατὴρ
1331 2549 1457 2631 ήγίασεν

341 2649 392 2710 καὶ
412 2645 588 2709 ἀπέστειλεν
611 2646 655 2714 εἰς
676 2645 727 2708 τδν
750 2643 865 2728 κόσμον
890 2647 977 2729 ὑμεῖς
997 2644 1103 2727 λέγετε
1127 2645 1173 2708 ότι
1196 2647 1390 2732 βλασφημεῖς
1411 2645 1458 2708 ότι
1474 2659 1510 2714 w

342 2745 426 2807 εἶπον
445 2741 518 2811 Υίδς
534 2743 610 2806 θεοῦ
634 2743 734 2826 εἰμι;“
762 2743 828 2804 τίνα
850 2741 948 2825 λέγων
972 2739 1107 2804 ἐνταῦθα
1127 2741 1276 2825 ἁγιασμόν
1298 2743 1317 2825 ἣ
1336 2745 1386 2806 τδν
1406 2747 1459 2826 τῆς

342 2842 455 2925 σαρκδς
475 2841 533 2904 ὑπὸ
555 2845 609 2922 τῆς
630 2838 794 2923 θεότητος;
827 2839 909 2902 οὕτω
930 2839 987 2924 γὰρ
1010 2837 1119 2922 ἔζησεν
1142 2841 1175 2903 τδ
1198 2843 1289 2923 σῶμα
1312 2838 1460 2924 θεότητος

343 2939 485 3023 ἁγιασμῷ
514 2939 565 3001 καὶ
594 2935 651 3000 οὐκ
676 2936 871 3020 ἀνθρωπίνης
900 2940 1000 3021 ψυχῆς
1027 2941 1204 3020 κατασκευή
1233 2937 1283 3000 καὶ
1313 2935 1396 3004 όλως
1424 2937 1458 3000 τδ

343 3035 415 3098 όλον
439 3035 470 3097 ἐν
494 3035 654 3120 συναφείᾳ.
687 3035 739 3097 καὶ
762 3033 897 3096 ἐνταῦθα
923 3033 975 3110 ,δν
999 3033 1111 3118 πατήρ,
1125 3033 1237 3117 φησίν,
1260 3033 1385 3116 ήγίασεν
1409 3035 1460 3098 καὶ

343 3133 539 3196 ἀπέστειλεν“
559 3133 594 3196 τδ
608 3133 732 3214 ἁγιάζον
745 3132 810 3216 ἅμα
827 3130 879 3194 καὶ
896 3131 929 3192 τδ
947 3129 1149 3214 ἁγιαζόμενον
1166 3131 1347 3214 ἁγιάζεσθαι
1365 3131 1458 3213 λέγει,
1475 3139 1510 3196 βό

342 3237 386 3316 τῷ
415 3229 609 3316 ἁγιαζομένιρ
637 3231 776 3315 συνάψας
797 3231 832 3293 τδ
856 3228 991 3311 ἁγιάζον.
1034 3229 1086 3291 καὶ
1116 3228 1279 3314 έρμηνεόει
1309 3251 1343 3311 γε
1366 3229 1459 3294 ἀλλα-

341 3335 402 3415 χοῦ
425 3329 475 3391 τδν
500 3329 649 3412 ἁγιασμόν
670 3333 777 3392 τοῦτον
801 3327 848 3390 ότι
867 3325 1006 3410 γέννησις
1025 3325 1061 3412 ῆν
1082 3327 1102 3410 ἡ
1124 3328 1158 3392 ἐκ
1170 3325 1338 3412 παρθένου.
1377 3327 1459 3410 ,ἐγάι

341 3427 399 3510 γάρ
421 3426 464 3494 εἰς
482 3429 572 3488 τοῦτο
593 3425 776 3511 γεγέννημαι
798 3427 850 3491 καὶ
870 3425 913 3493 εἰς
933 3427 1021 3487 τοῦτο
1048 3423 1187 3509 ἐλήλυθα
1210 3423 1244 3487 ἐκ
1266 3427 1316 3489 τδν
1332 3423 1459 3510 κόσμον,

342 3523 391 3586 ἵνα
411 3522 597 3607 μαρτυρήσω
619 3528 658 3606 τῆ
679 3523 842 3608 ἀληθείφ“.
875 3522 909 3586 ἐκ
927 3522 1102 3607 θελήματος
1124 3521 1177 3606 μὲν
1199 3521 1256 3607 γάρ
1279 3523 1391 3608 σαρκδς
1409 3524 1460 3586 καὶ

343 3620 378 3684 ἐκ
402 3621 580 3703 θελήματος
602 3620 713 3704 ἀνδρὸς
735 3622 751 3684 ό
775 3622 876 3689 κοινδς
897 3618 1062 3704 ἀνθρωπος
1086 3624 1239 3705 ψυχοῦται
1261 3621 1312 3684 καὶ
1332 3619 1382 3705 ζή,
1405 3625 1460 3705 τῆς
1476 3632 1511 3687 30

344 3715 579 3802 ἐκπεμπομένης
601 3721 806 3801 σπερματικῆς
829 3718 904 3802 ἁλης
927 3716 1134 3802 ἐπιφερούσης
1156 3717 1209 3800 τὴν
1235 3719 1388 3790 ζωοποιδν
1411 3718 1460 3782 δίι·

342 3836 431 3898 ναμιν
460 3814 504 3883 εἰς
528 3814 582 3896 τὴν
607 3813 840 3898 ὑποδεχομένην
864 3817 998 3900 μήτραν·
1033 3814 1067 3877 ἐκ
1091 3815 1126 3877 δὲ
1147 3814 1320 3900 πνεόματος
1342 3815 1460 3901 ἐφόδου

342 3914 394 3976 καὶ
418 3912 579 3994 δυνάμεως
602 3910 804 3994 ἐπισκιασμοιῖ
823 3915 857 3977 τδ
876 3912 962 3995 ἁγιον
983 3912 1017 3974 ἐκ
1036 3916 1091 3995 τῆς
1107 3911 1265 3996 παρθένου
1288 3911 1462 3975 συνίσταται

343 4009 468 4095 βρέφος,
489 4007 525 4071 οδ
539 4012 745 4092 σπερματικῆς
766 4009 840 4092 ὕλης
858 4008 1066 4094 ἐργαζομένης
1086 4009 1138 4092 τῆν
1156 4008 1243 4071 θείαν
1265 4011 1359 4094 ζωήν,
1380 4008 1460 4073 ἀλλὰ

256 4180 259 4185 ,
342 4109 547 4189 πνευματικῆς
571 4106 623 4168 καὶ
652 4104 758 4189 θεϊκῆς
788 4107 950 4191 δυνάμεως
972 4105 1151 4188 ἐνδιδοόσης
1175 4110 1214 4189 τῆ
1237 4105 1383 4192 παρθένῳ
1405 4107 1458 4190 τὴν
1476 4121 1511 4175 35

342 4203 429 4266 θείαν
445 4203 557 4286 ,κόησιν
577 4204 629 4266 καὶ
650 4203 856 4288 χαριζομένης
874 4205 925 4268 τδν
947 4205 1032 4268 θεῖον
1051 4202 1184 4268 τοκετόν.
1219 4203 1301 4266 οότω
1322 4203 1360 4286 δή
1383 4203 1461 4267 κατὰ

342 4301 394 4365 τδν
417 4305 471 4385 τῆς
492 4299 634 4384 θνότητος
655 4299 767 4385 τρόπον
789 4302 840 4364 καὶ
861 4304 896 4366 τδ
920 4301 1076 4386 ὑψοὰσθαι
1096 4301 1219 4386 χριστὸν
1242 4300 1294 4362 καὶ
1318 4301 1351 4363 τδ
1375 4321 1459 4386 χαρι-

244 4470 248 4476 .
344 4398 456 4482 σθῆναι
475 4396 560 4483 αδτιγῖ
578 4400 613 4462 τδ
634 4397 733 4480 όνομα
749 4398 784 4460 τδ
803 4398 879 4482 όπέρ
902 4397 972 4484 [70]
991 4401 1050 4461 πᾶν
1066 4396 1176 4482 ὄνομα,
1196 4396 1296 4459 καίτοι
1309 4399 1363 4480 τῆς
1377 4397 1459 4481 όψιί·

344 4501 425 4564 σἐως
437 4495 521 4563 ἰδίως
537 4493 642 4578 οὔσης,
660 4493 709 4556 ἐπὶ
720 4498 774 4578 τῆς
786 4493 925 4560 κάτωθεν
940 4493 1165 4580 ἀναβαινούσης
1177 4491 1304 4578 σαρκός·
1328 4491 1399 4556 ἀλλ’
1415 4493 1461 4558 δτι
