3517 5434
329 737 382 786 cup.
404 715 427 769 l.
768 711 945 787 Ποιμάνδρης.
1350 715 1382 767 15

328 865 481 957 χοντυιιίν
502 866 733 960 ὑπερηφανίαν
755 862 1027 949 όιπλεονέκτητον,
1055 870 1110 934 καὶ
1133 869 1173 957 τῇ
1193 871 1320 960 πέμπτη
1343 865 1380 936 τό

329 977 463 1068 θράσος
484 975 523 1046 τό
538 976 676 1048 ἀνόσιον
688 982 746 1046 καὶ
768 983 828 1061 τῆς
841 977 966 1067 τόλμης
980 974 1040 1060 τιίν
1054 983 1259 1066 προπέτειαν,
1273 981 1330 1046 καὶ
1344 981 1384 1071 τῇ

297 1097 402 1182 τίκτῃ
424 1088 484 1168 τάς
505 1085 664 1181 ἀφορμάς
687 1085 746 1168 τάς
767 1087 871 1168 κακὰς
892 1093 952 1158 τοῦ
972 1087 1117 1158 πλούτου
1139 1087 1382 1178 άνενεργήτους,

329 1204 385 1266 καὶ
407 1204 447 1290 τῇ
466 1199 592 1295 ἑβδόμη
613 1199 696 1294 ζώνη
717 1197 757 1268 τό
780 1204 949 1290 ἑνεδρεῦον
970 1202 1102 1290 ψεῦδος.
1125 1204 1181 1268 καὶ
1203 1197 1278 1270 τότε
1299 1226 1381 1286 γυμ-
1404 1205 1446 1272 26

328 1314 451 1390 νωθείς
471 1307 539 1379 sind
561 1317 627 1383 τῶν
648 1316 708 1394 τῆς
735 1311 899 1401 ἁρμονίας
925 1311 1154 1399 ἐνεργημάτων
1182 1316 1306 1397 γίνεται
1328 1316 1381 1380 ἐπὶ

291 1438 310 1492 tt
327 1418 389 1504 τὴν
409 1419 608 1508 όγδοωιιιὴν
630 1421 730 1513 φύσιν
753 1421 814 1504 τὴν
828 1427 918 1492 ὶδίαν
936 1422 1076 1511 δύναμιν
1098 1427 1187 1509 ἔχων,
1208 1427 1264 1492 καὶ
1287 1423 1382 1508 ὑμνεῖ
1402 1448 1464 1495 f

326 1527 479 1613 οὖντοῖς
506 1527 581 1606 οὖσι
609 1533 668 1604 τόν
693 1543 831 1624 πατέρα.
861 1539 1076 1627 σνγγαίρονσι
1102 1539 1136 1604 δὲ
1160 1540 1192 1604 οἱ
1219 1532 1381 1623 παρόντες

326 1650 365 1738 τῇ
386 1643 505 1713 τούτου
525 1650 702 1734 παρουσία,
723 1652 780 1715 καὶ
802 1647 984 1734 ὁμοιωθεὶς
1005 1658 1075 1724 τοῖς
1092 1649 1247 1714 συνοῦσιν
1268 1642 1380 1714 α’κούει

292 1760 382 1826 υκαὶ
408 1760 474 1824 τῶν
501 1756 672 1842 δυνάμεων
703 1759 784 1850 ὑπὲρ
813 1755 875 1841 τὴν
910 1753 1109 1844 όγδοατωιὴν
1143 1753 1244 1846 φάσιν
1271 1755 1380 1824 οὐσῶν

328 1869 422 1955 φωνῇ
443 1871 509 1934 τινὶ
529 1868 626 1953 ἡδείᾳ
647 1870 819 1954 ὑμνουσῶν
842 1869 902 1936 τὸν
924 1867 1018 1937 θεόν.
1041 1872 1097 1934 καὶ
1112 1865 1186 1936 τότε
1208 1865 1299 1948 τάξει
1320 1867 1379 1935 άν-

325 1979 478 2062 ίρχονται
498 1974 583 2066 πρός
604 1976 663 2046 τόν
684 1988 827 2066 πατέρα,
848 1983 906 2046 καὶ
940 1978 1035 2046 αὐτοὶ
1064 1985 1108 2057 εὶς
1129 1975 1282 2064 δυνάμεις
1303 1983 1379 2046 ἑαυ-

274 2116 307 2166 12
325 2084 403 2165 τοὺς
414 2086 655 2175 παραδιδόασι,
678 2094 735 2157 καὶ
756 2089 911 2178 δυνάμεις
933 2087 1103 2178 γενόμενοι
1124 2097 1159 2160 ἐν
1182 2093 1254 2175 θεῷ
1268 2093 1378 2176 γίνον-

323 2223 387 2265 ται.
410 2197 512 2269 τοῦτό
532 2208 603 2268 ἐστι
623 2199 662 2268 τό
692 2197 832 2288 ἀγαθόν
859 2205 951 2280 τέλος
986 2211 1054 2280 τοῖς
1076 2207 1196 2292 γνρριν
1218 2199 1377 2288 ἐσχηκόσι,
1405 2239 1433 2264 κ

323 2313 512 2393 θεωθῆναα
535 2310 653 2382 λοιπόν
674 2318 707 2382 τί
727 2316 871 2400 μέλλεις,
895 2313 954 2401 οὐχ
976 2313 1020 2394 ὡς
1040 2312 1152 2384 πάντα
1172 2308 1378 2403 παραλαβών

272 2453 304 2503 tt
320 2422 516 2509 Wffssdnydt
536 2429 610 2518 γίνγγ
631 2436 702 2504 τοῖς
723 2426 843 2518 ἀξίοις,
872 2423 962 2504 ὅπως
983 2421 1022 2494 τὸ
1043 2434 1138 2512 γένος
1160 2428 1219 2506 τῆς
1240 2425 1377 2515 άνθρω-
1391 2409 1436 2502 di,
1449 2407 1481 2478 si

320 2530 464 2616 πότητος
486 2533 542 2603 διδ
565 2541 629 2606 σοῦ
650 2535 715 2606 ὑπό
738 2541 825 2612 θεοῦ
846 2541 962 2629 σωθῇς

369 2650 484 2714 Ταῦτα
507 2644 605 2717 εἰπάν
626 2653 702 2736 ἐμοὶ
724 2649 742 2717 ὁ
766 2645 986 2735 Ποιμάνδρης
1014 2651 1110 2732 ἐμίγη
1140 2656 1212 2722 ταῖς
1240 2644 1378 2732 δυνάμε-
1401 2653 1443 2718 27

394 2823 628 2894 [ὑπερηφανίαν]
651 2827 687 2878 sic
704 2829 740 2888 Β,
764 2831 916 2898 προεμανίαν
939 2825 1037 2894 ncIIqui.
1113 2823 1138 2877 3.
1162 2819 1333 2896 οἶνενέργητον
1353 2829 1375 2876 Α

392 2907 457 2958 Patr.
506 2908 531 2959 8.
551 2912 585 2981 τῇ
603 2931 654 2960 osu.
673 2911 737 2961 Patr.
791 2911 1257 2980 8.-11.συγχαίρουσαν-πατέρα
1274 2931 1324 2962 om.
1344 2913 1393 2968 A„

389 2991 415 3046 9.
433 2990 498 3060 τῶν]
517 3011 594 3046 τινων
612 2993 641 3044 B.
716 2995 757 3047 10.
775 2993 863 3062 ἡδείᾳ]
883 2993 920 3044 sic
938 2993 969 3052 Β,
988 2995 1043 3060 ἰδίμ
1060 2991 1160 3060 reliqui.
1226 2994 1266 3044 12.
1286 3013 1376 3065 παρα-

390 3073 508 3144 διδόασι]
526 3085 737 3151 παραπέμπουσι
755 3080 785 3132 Β.
821 3073 835 3148 ΙΙ
887 3077 1018 3148 γινόμενοι
1034 3077 1101 3129 Paua
1194 3076 1226 3128 16
1253 3081 1304 3132 σοῦ
1322 3078 1375 3134 ὑπό

389 3185 440 3216 ona.
459 3164 527 3216 Patr.

316 3318 490 3388 inefficacem,
508 3329 537 3376 ct
554 3329 665 3394 quartae
677 3319 833 3378 dominandi
845 3319 999 3396 superbiam
1015 3318 1112 3376 affectu
1126 3337 1243 3388 vacuam,
1262 3329 1290 3376 et
1301 3323 1374 3398 quiu-

315 3416 359 3461 tae
371 3405 510 3465 audaciam
528 3407 637 3484 impiam
654 3416 682 3462 st
699 3406 839 3464 audentiae
857 3407 1043 3472 temeritatem,
1062 3415 1090 3463 ct
1108 3413 1199 3463 sextas
1218 3409 1373 3464 occasiones

313 3491 396 3548 malas
419 3493 572 3551 divitiarum
595 3494 789 3561 sindonibus,
811 3502 840 3548 et
855 3494 988 3565 septimae
1010 3511 1093 3548 zonas
1114 3491 1246 3554 insidians
1269 3494 1374 3552 menda·

314 3580 391 3634 cium.
411 3589 438 3634 et
456 3589 521 3636 tunc
542 3578 658 3642 nudatus
675 3579 709 3636 ab
727 3579 883 3637 harmonias
901 3577 1044 3656 operibus,
1066 3579 1172 3636 scandit
1194 3579 1228 3634 ad
1254 3590 1373 3638 octavam

313 3673 448 3730 naturam,
471 3668 594 3743 proprias
619 3665 721 3722 habens
740 3670 826 3734 vires,
849 3676 877 3720 et
899 3665 989 3724 iaudat
1008 3685 1068 3722 cum
1090 3665 1198 3724 entibus
1217 3675 1328 3742 patiam.
1347 3677 1374 3722 et

313 3750 339 3803 si
362 3750 581 3823 congratulantur
607 3753 654 3826 qui
677 3761 742 3808 sunt
769 3761 925 3828 praesentes
953 3751 1030 3808 huius
1055 3751 1197 3817 advsutui,
1227 3761 1254 3807 at
1277 3751 1373 3832 similis

312 3834 400 3892 iactus
416 3836 700 3910 praesentibus‘audit
718 3847 747 3892 et
764 3840 910 3915 potentias,
928 3859 996 3914 quae
1014 3858 1098 3915 super
1115 3848 1236 3898 octavam
1254 3849 1372 3896 usturam

311 3931 388 3989 sunt,
407 3941 475 3978 vace
493 3921 607 3998 quadam
624 3925 701 3983 suavi
718 3923 858 3982 laudantes
876 3923 963 3982 deum.
983 3935 1010 3982 ct
1028 3936 1092 3981 tunc
1111 3924 1206 3982 ordine
1224 3925 1373 3982 ascendunt

311 4008 345 4064 ad
363 4017 481 4086 patiam,
500 4018 528 4065 et
545 4010 600 4087 ipsi
617 4029 649 4066 sa
665 4011 743 4086 ipsos
766 4012 795 4066 in
812 4013 948 4087 potentias
967 4011 1084 4076 tradunt.
1108 4021 1135 4068 et
1152 4015 1289 4088 potentiae
1307 4011 1370 4068 iacti

308 4095 336 4148 in
356 4094 406 4150 deo
425 4088 501 4153 finiit.
527 4095 573 4156 hic
591 4106 634 4154 ost
657 4096 744 4155 bonus
762 4097 826 4153 fiais
849 4100 884 4154 iis
906 4100 953 4174 qui
975 4098 1155 4172 coguitionem
1178 4108 1242 4158 aunt
1271 4098 1369 4178 adepti,

308 4178 374 4236 daos
392 4181 452 4238 fiori
479 4181 597 4260 denique
610 4182 818 4259 qnidmorarisi
836 4203 935 4252 uonna,
954 4195 983 4242 ut
1002 4185 1090 4242 omnia
1102 4187 1255 4262 suscipiens
1274 4184 1371 4242 ductor

306 4263 357 4320 fias
376 4268 410 4321 iis
428 4271 475 4342 qui
493 4269 569 4344 digni
587 4280 659 4338 sunt,
678 4280 709 4326 ut
726 4290 810 4344 genus
829 4269 973 4328 humanum
992 4291 1040 4348 pac
1058 4280 1086 4326 ts
1102 4293 1116 4326 a
1135 4270 1187 4330 dac
1206 4271 1347 4328 seruetur?

360 4349 434 4407 Haec
452 4363 596 4430 postquam
617 4355 683 4412 mihi
706 4356 778 4412 dixit
798 4354 978 4424 Poamandsn‚
1006 4359 1153 4414 immiscuit
1177 4379 1207 4414 sa
1229 4358 1367 4438 potentiis.
1422 4361 1425 4368 ’

305 4455 354 4512 ego
375 4457 441 4496 varo
458 4441 558 4512 gratias
576 4460 658 4516 agona
677 4452 706 4498 et
726 4442 890 4502 benedicens
913 4453 1017 4520 patrem
1042 4445 1229 4502 universorum
1252 4443 1366 4507 surrexi,
