3517 5434
348 692 375 744 Δ
395 689 486 746 με.
893 676 914 738 4

349 845 431 910 όλων
460 841 613 912 ἀπόδειξιν
641 844 684 910 ιὺς
712 843 816 905 καλῶν
845 844 899 906 καὶ
926 841 1100 926 ἀναγκαίων
1130 841 1225 906 ὄντων
1250 843 1467 910 ἁπάντωνκαὶ

349 943 473 1006 ἐκείνων
494 944 553 1020 (ὡς
571 940 737 1024 προλαβὼν
753 937 848 1024 ἔφην)
861 941 992 1023 μάλιστα
1007 939 1079 1003 καθ’
1096 941 1196 1024 ὧνπερ
1220 941 1365 1024 πλείστην
1376 941 1465 1029 [τὴν]

348 1038 544 1123 καταδρομὴν
569 1039 729 1098 ποιοῦνται
756 1039 801 1104 ιὺς
824 1037 1084 1121 ὁμολογουμένων
1107 1043 1273 1103 κακῶν,·-
1295 1036 1338 1101 ἔτι
1362 1039 1467 1104 δὲκαὶ

349 1138 451 1224 [περὶ]
482 1140 536 1218 τῆς
567 1138 627 1198 τῶν
661 1133 744 1196 ὑλων
777 1134 960 1217 διοικήσεως
988 1135 1039 1199 καὶ
1071 1134 1113 1196 δι’
1142 1135 1185 1196 ὧν
1213 1136 1335 1219 πικρίαν
1374 1135 1468 1220 αὐτῆς

314 1232 538 1320 δάγνωμόνως
564 1232 828 1316 καταψηφίξονται
857 1231 945 1317 [ὡς]
977 1231 1014 1295 τὰ
1040 1229 1262 1317 ἀναγκαιότερα
1290 1234 1465 1317 οίκονομοὺ·

350 1356 460 1418 οης-
476 1329 512 1394 οὑ
537 1329 607 1414 μη’ν,
628 1327 708 1391 ἀλλὰ
726 1329 777 1392 καὶ
798 1330 868 1413 περὶ
889 1333 948 1392 τῶν
970 1328 1055 1414 παρὰ
1077 1328 1253 1412 ἀνθρώποις
1270 1330 1465 1414 ἀδικημάτων

350 1434 393 1498 ὡς
419 1428 494 1493 οὑδὲ
523 1425 574 1489 διὰ
605 1430 701 1500 ταῦτα
728 1431 866 1510 προσῆκε
891 1427 999 1496 κακίας
1023 1427 1121 1512 ἀρχὴν
1143 1426 1230 1490 κατὰ
1253 1427 1330 1490 θεοῦ
1355 1430 1465 1512 φαντά-
1518 1506 1524 1516 ·

348 1528 466 1601 ζεσθαι.
504 1523 702 1608 δειχθήσεται
728 1523 786 1607 γὰρ
815 1527 867 1593 ιὺς·
887 1525 939 1588 καὶ
966 1528 1062 1588 ταῦτα
1083 1528 1138 1588 τοῦ
1161 1523 1366 1608 πεποιηκότος
1385 1525 1468 1608 ἡμᾶς

350 1624 494 1710 ἐμφαίνει
520 1621 574 1704 τὴν
607 1618 785 1704 ἀγαθότητα
814 1622 866 1685 καὶ
896 1620 967 1684 οὔτε
997 1620 1075 1684 κατὰ
1100 1620 1245 1707 βοὺλησιν
1275 1619 1369 1684 αὑτοῦ
1390 1623 1467 1705 πρὸς

301 1725 333 1778 10
352 1721 524 1806 ἀνθρώπων
552 1716 683 1800 γίγνεται
711 1715 782 1780 οὔτε
813 1717 848 1782 ἐκ
874 1721 955 1789 τινδς
982 1719 1080 1788 αίτίας
1108 1720 1128 1804 ἢ
1158 1719 1258 1803 ἀρχῆς
1278 1718 1351 1782 καθ’
1375 1721 1465 1802 ἡμῶν

350 1818 488 1904 φέρεται.
537 1819 698 1899 τοιγαροῦν
728 1816 835 1881 λοιπὸν
862 1816 912 1880 ἐπὶ
934 1817 987 1900 τὴν
1010 1817 1107 1902 ἀρχὴν
1132 1820 1186 1900 τῆς
1208 1817 1374 1902 μυθώδους
1396 1819 1466 1880 ἀσε-

351 1917 436 2002 βείας
466 1915 566 1978 αὐτῶν
597 1909 757 1996 ἔλθωμεν,
789 1914 997 1992 ἐξετάζοντες,
1028 1914 1056 1976 εί
1082 1913 1312 2000 παραδέχονται
1336 1917 1409 1997 γοῦν
1434 1916 1467 1976 αἱ

348 2014 428 2077 κατὰ
461 2012 549 2099 φὺσιν
577 2008 691 2074 ἔννοιαι
729 2010 785 2074 δὺο
817 2011 956 2078 ἐναντίας
986 2010 1083 2096 ἀρχὰς
1115 2016 1175 2074 τῖον
1207 2011 1313 2076 όντων.
1357 2011 1385 2074 εί
1409 2011 1466 2096 γὰρ

351 2111 430 2195 μηδὲ
453 2108 681 2194 συμφωνοῦσας
700 2106 828 2178 δέξαιντ’
852 2107 899 2185 ἀν,
923 2107 1005 2192 ἤπυο
1028 2131 1063 2191 γε
1085 2107 1281 2194 μαχομέναςς
1331 2105 1362 2180 δ.
1397 2109 1467 2192 γρά·

300 2213 333 2267 15
351 2229 418 2290 φων
430 2208 528 2270 τοίνυν
545 2205 661 2274 ἐκεῖνος
675 2205 768 2273 αὐτὸς
783 2205 1018 2291 ὑχαλεπώτατα
1033 2207 1136 2289 μανεὶς
1152 2205 1278 2292 ἄρχεται
1291 2211 1466 2292 πανταχοῦ·

349 2301 386 2387 ἧν
408 2303 482 2370 θεὸς
502 2303 553 2364 καὶ
576 2303 646 2385 ὑλη,
670 2307 737 2386 φῦις
757 2304 809 2366 καὶ
831 2302 956 2380 σκότος,
980 2303 1095 2386 ἀγαθὸν
1125 2304 1177 2368 καὶ
1203 2301 1313 2378 κακόν,
1344 2302 1374 2364 ἐν
1403 2307 1469 2372 τοῖς
1498 2315 1503 2328 ·

348 2403 439 2462 πᾶσιν
468 2397 570 2482 ἀκρως
591 2399 712 2462 ἐναντία
742 2404 784 2468 ὑς
805 2399 884 2464 κατὰ
913 2400 1008 2484 μηδὲν
1033 2401 1239 2465 ἐπικοινωνεῖν
1263 2399 1390 2484 θάτερον
1411 2400 1467 2464 θοι·

349 2496 447 2582 τέριρ,
470 2494 602 2578 ἀγένητά
623 2517 656 2558 τε
679 2496 730 2558 καὶ
755 2499 855 2567 ζῶντα
877 2495 984 2581 ἄμφω.
1047 2497 1075 2568 7,
1106 2497 1217 2562 οόκοῦν
1240 2497 1259 2581 ἢ
1283 2497 1413 2582 χωρίσει
1432 2521 1467 2580 γε

350 2599 446 2657 ταῦτα
473 2592 529 2655 ἀπ’
554 2592 700 2676 ἀλλήλων
728 2593 748 2676 ἡ
780 2593 835 2656 ’σὺν
866 2594 1015 2678 ἀλληλοις
1042 2596 1114 2661 ὄντα
1144 2597 1219 2681 φιλα
1246 2596 1297 2658 καὶ
1320 2595 1468 2678 οὐδαμῶς

298 2699 334 2754 90
352 2691 480 2754 ἐναντίοῖ
507 2689 686 2774 φανήσεται.
737 2690 819 2754 ἀλλὰ
849 2691 943 2773 δῆλον
971 2693 1016 2758 ότι
1037 2695 1135 2778 χῖυρὶς
1162 2693 1214 2756 ἀπ’
1242 2691 1386 2774 ἀλλήλων
1416 2691 1467 2754 καὶ

352 2786 444 2857 αῦτδς
468 2790 564 2850 ταῦτα
584 2785 665 2850 εἶναί
686 2810 789 2872 φησιν.
843 2785 895 2870 ἀρ’
922 2787 974 2852 οῦν
1000 2787 1293 2874 συμπεπερασμένον
1323 2789 1466 2872 ἑκάτερον

350 2882 473 2968 θατέρῳ
496 2882 549 2966 τὴν
582 2884 688 2948 οὐσίαν
717 2882 803 2948 ἔσται
829 2885 881 2948 καλ
910 2884 1072 2972 οὐδέτερον
1095 2884 1323 2972 ἀπεριόριστυνς
1366 2907 1466 2969 περιο-

351 2981 442 3066 ρίξειν
467 2980 502 3043 δέ
525 2982 591 3045 κατ’
612 2981 718 3044 οῦσίαν
740 2983 791 3045 τδν
816 2983 889 3047 θεὸν
909 2983 960 3046 καὶ
981 2985 1022 3067 μὴ
1043 2984 1213 3068 ἀπέραντον
1235 2981 1351 3045 εἰδέναι
1369 2985 1468 3046 τεκαὶ

351 3078 515 3161 ὁμολογεῖν
538 3084 605 3148 πῶς
625 3078 662 3142 οῦ
689 3079 756 3141 λίαν
782 3079 909 3166 ἀσεβέςγ
939 3076 1033 3146 ὁπότε
1063 3081 1099 3144 οὐ
1124 3079 1216 3165 μόνον
1239 3070 1468 3164 περιορίξεσθαι

300 3183 336 3238 25
354 3174 437 3244 δόξει
456 3175 510 3258 τὴν
533 3176 639 3240 οῦσίαν
660 3178 712 3240 καλ
733 3179 989 3263 περιγράφεσθαι,
1018 3178 1099 3242 ἀλλά
1119 3177 1267 3262 καὶπρὸς
1289 3181 1341 3260 τῆς
1362 3177 1469 3244 κακίας

350 3275 409 3353 (ιὺς
431 3271 549 3342 ἐκεῖνός
570 3278 663 3358 φησι)
681 3280 770 3340 τοῦτο
793 3278 940 3360 πάσχειν·
965 3277 1039 3360 ὅπερ
1062 3279 1182 3360 πρῶτον
1206 3275 1260 3358 μὲν
1283 3279 1342 3338 τῶν
1358 3277 1467 3338 κοινῶν

352 3371 477 3434 ἐννοιῶν
509 3369 609 3447 ἐκτός,
638 3371 748 3439 αίτινες
772 3373 999 3458 ὑποβάλλουσιν
1027 3372 1118 3436 αῦτδν
1146 3373 1304 3454 γινώσκειν
1323 3371 1415 3434 Ἰείναί
1432 3393 1465 3433 τε

319 3550 321 3553 ι
350 3471 509 3552 πανταχοῦ
537 3468 589 3530 καὶ
617 3467 822 3551 ἀπεριληπτον
851 3470 998 3556 ὑπάρχειν
1026 3470 1079 3554 τὴν
1104 3469 1203 3554 φῦσιν.
1268 3466 1298 3540 θ,
1340 3465 1386 3530 ἔτι
1407 3467 1465 3552 μὴν

351 3565 379 3627 εἰ
399 3568 494 3628 ταῦτα
525 3564 682 3650 διέστηκεν
711 3565 885 3647 ἀναγκαίως
911 3568 1075 3652 ἀλλήλων,
1104 3567 1140 3630 οῦ
1166 3566 1258 3651 μόνον
1288 3567 1362 3634 θεὸς
1390 3563 1467 3628 κατὰ

300 3670 335 3725 30
353 3663 406 3746 τὴν
429 3662 546 3726 ἐκείνου
571 3664 679 3747 μανίαν
710 3660 793 3732 δόξει
812 3664 866 3748 τὴν
889 3665 977 3750 φῦσιν
1000 3663 1240 3750 περιορίίεσθαι,
1260 3661 1340 3726 ἀλλά
1363 3660 1466 3726 καὶέν

351 3759 420 3844 ίδίιμ
440 3758 525 3845 τόπῳ
550 3761 707 3843 τυγχάνειν
730 3763 781 3825 καὶ
810 3761 992 3848 καταμένειν
1017 3761 1241 3846 παραπλησίως
1263 3766 1308 3846 τῷ
1329 3759 1465 3844 ἐναντίῳ.

350 3856 388 3920 τὰ
416 3855 473 3939 γὰρ
501 3854 554 3920 ὑπ’
578 3857 722 3941 ἀλλήλων
752 3859 917 3945 είργόμενα
944 3858 1048 3926 τόποις
1073 3859 1160 3928 ίδίοις
1183 3859 1302 3942 δηλαδὴ
1327 3856 1466 3941 περιγρά-

351 3977 451 4037 φεται.
505 3954 616 4019 οὐκοῦν
653 3955 838 4027 ἐξεταστέον.
893 3958 920 4022 εί
949 3958 1003 4040 μὲν
1035 3955 1229 4042 ,πρεσβύτερα
1267 3957 1326 4016 τῶν
1361 3951 1464 4016 τόπων
1493 4007 1497 4014 .

351 4052 448 4136 ἀμφω
471 4051 508 4116 τὰ
531 4053 652 4116 ἐναντία
674 4057 717 4123 ὡς
736 4053 885 4138 ἀγένητα,
909 4054 946 4140 ἦν
970 4054 1021 4118 ὅτε
1043 4047 1133 4120 πάλιν
1154 4053 1300 4137 πρότερον
1320 4049 1467 4133 ἐτύγχανε

299 4150 334 4206 δῦ
352 4152 437 4232 κοινῆ
460 4153 514 4233 τῆς
536 4149 744 4234 ἐναντιότητος
767 4151 1001 4235 ἀπηλλαγμένα.
1041 4153 1069 4215 εί
1089 4151 1124 4214 δέ
1147 4147 1301 4215 συναίδιος
1319 4145 1467 4232 ἑκατέρου

350 4251 405 4330 τῆς
426 4246 533 4317 οόσίας
559 4250 576 4312 ὁ
599 4245 775 4333 χωρισμός,
802 4248 1042 4333 προγενέστερος
1073 4245 1218 4330 ἑκατέρου
1246 4248 1299 4328 τῆς
1320 4243 1466 4313 οῦσίαςὸ

350 4345 482 4429 τόποςῆ
506 4345 716 4429 συναγένητος.
762 4343 832 4407 ἀλλ’
857 4347 885 4408 εί
908 4347 963 4429 μὲν
982 4344 1231 4432 προγενέστερος,
1256 4345 1299 4412 ιὺς
1318 4342 1467 4428 ἐκατέρου

350 4439 446 4505 τόπου
476 4444 639 4529 βλάστημα
673 4443 774 4506 δοκεῖν
804 4440 883 4504 εἶναι
914 4443 1078 4526 ἑκάτερον,
1110 4440 1175 4506 οὔτ’
1204 4440 1337 4525 ἀγένητα
1370 4444 1466 4504 ταῦτα

351 4537 422 4602 οὔτε
446 4539 529 4602 ἀίδια
559 4538 650 4622 (ὑπερ
674 4539 820 4622 ὑπάρχειν
844 4537 926 4610 δόξει
950 4543 1013 4608 τοῖς
1030 4537 1135 4608 τόποις
1156 4539 1186 4610 ἐξ
1211 4539 1253 4602 ιὺν
1275 4541 1395 4618 ταῦτα).
1440 4537 1468 4600 εί
