3517 5434
303 688 305 693 '
324 753 379 802 cap.
398 733 424 783 2.
725 723 802 792 λόγος
821 717 974 780 natisionis.
1300 719 1304 726 ’
1343 713 1380 768 23

387 884 541 970 Ἑρμῆς.
588 879 638 946 Ἡ
663 881 697 945 δὲ
725 871 892 968 περιφοραὶ
920 873 941 956 ἡ
970 874 1043 961 περὶ
1074 866 1111 938 τὸ
1141 866 1222 936 αὐτὸ
1253 872 1379 950 κίνησίς

296 1059 298 1061 ,
328 1004 416 1063 ἐστιν
438 989 502 1059 ὑπὸ
525 987 672 1068 στοίσεως
686 994 895 1074 κατεχομένη.
920 981 957 1052 τὰ
980 981 1044 1072 γὰρ
1067 984 1140 1070 περὶ
1163 975 1243 1047 αὐτὸ
1266 978 1380 1046 κωλύει

294 1102 364 1172 3τὸ
393 1105 472 1191 ὑπὲρ
500 1101 592 1170 αὐτό.
621 1099 828 1184 κωλυόμενον
856 1099 891 1162 δὲ
919 1093 957 1162 τὸ
981 1094 1059 1183 ὑπὲρ
1088 1088 1168 1160 αὐτὸ
1199 1097 1226 1157 εὶ
1247 1097 1379 1172 ἕστηκεν

328 1223 372 1293 εὶς
387 1211 426 1282 τὸ
441 1219 515 1303 περὶ
531 1211 622 1294 αὐτό,
644 1209 729 1278 οὕτω
743 1213 800 1276 καὶ
814 1208 836 1289 ἡ
852 1210 987 1275 ὲνοιντία
1003 1201 1094 1298 φορὰ
1109 1211 1240 1283 ἕστηκεν
1254 1205 1379 1293 ἑδραία,

326 1322 389 1393 ὑπὸ
407 1328 465 1407 τῆς
486 1320 716 1404 ἐναντιότητος
730 1320 782 1387 ἀεὶ
796 1321 1020 1408 στηριζομένη.
1041 1313 1250 1405 παράδειγμα
1274 1315 1308 1379 δέ
1332 1336 1384 1380 σοι
1406 1318 1428 1385 8

292 1441 469 1523 σέπίγειον
490 1448 560 1514 τοῖς
589 1433 786 1524 ὀφθαλμοῖς
815 1438 976 1515 ἐμπῖπτον
1004 1431 1078 1515 περὶ
1106 1425 1224 1494 τούτου
1246 1422 1379 1516 φράσω·

326 1543 368 1613 τοί
397 1551 522 1633 ἐπίγεια
552 1548 619 1626 ζῶα
649 1543 721 1611 οἷον
743 1538 802 1610 τὸν
826 1537 1011 1627 ἄνθρωπον
1035 1543 1116 1624 λέγω
1140 1534 1261 1624 θεώρει
1283 1533 1380 1624 νηχό-

326 1683 434 1743 μενον.
465 1663 651 1749 φερομένον
678 1651 743 1743 γὰρ
765 1658 826 1720 τοῦ
847 1649 969 1728 ὕδατος
992 1650 1012 1732 ἡ
1035 1647 1210 1716 ἀντιτυπία
1234 1651 1298 1713 τῶν
1320 1672 1381 1713 πο-

291 1771 393 1835 θδῶν
414 1772 470 1835 καὶ
492 1773 557 1838 τῶν
576 1772 694 1856 χειρῶν
716 1761 832 1841 στάσις
853 1767 978 1848 γίνεται
1000 1764 1046 1846 uqi
1068 1757 1239 1848 ἀνθρώπῳ
1260 1761 1319 1825 τοῦ
1335 1754 1381 1842 μὴ

328 1882 632 1964 συγκατενεχθῆνοιι
652 1879 699 1960 τῷ
719 1873 815 1941 ὕδατι
836 1870 918 1958 μήτε
943 1875 1038 1938 δῦναι
1058 1871 1115 1936 ὑπ’
1135 1867 1225 1937 αὐτό.

390 1985 640 2069 Ἀσκληπιός.
677 1986 906 2075 Σαφίοτατον
920 1978 1129 2070 παράδειγμα
1146 1979 1238 2060 εἶπες,
1254 1971 1279 2044 ὦ
1295 2002 1380 2068 τρισ-

277 2119 310 2169 12
326 2105 467 2186 μέγιστε.

389 2209 543 2300 Ἑρμῆς·
588 2210 695 2276 ΙΙᾶσα
718 2197 778 2273 οὖν
799 2210 925 2287 κίνησις
948 2209 982 2271 ἐν
1006 2201 1120 2271 στάσει
1141 2207 1196 2270 καὶ
1220 2201 1282 2269 ὑπὸ
1306 2199 1378 2270 στοί.

327 2343 407 2400 σεως
428 2331 572 2387 κινεῖται.
597 2319 618 2400 ἡ
642 2311 700 2387 οὖν
715 2321 841 2400 κίνησις
862 2320 923 2384 τοῦ
946 2313 1073 2401 κόσμου
1088 2317 1143 2382 καὶ
1158 2312 1283 2392 παντὸς
1298 2313 1381 2396 ζώου

400 2547 422 2599 Ι.
434 2547 460 2599 2.
479 2545 537 2615 ᾗδὲ
549 2541 898 2617 περιφορὰ-κατεχομίνη]
917 2540 933 2611 ἦ
954 2544 982 2596 tt
999 2545 1060 2614 περὶ
1077 2541 1109 2594 τὸ
1128 2537 1197 2594 αὐτὸ
1217 2541 1290 2612 φοραὶ
1302 2543 1347 2593 καὶ
1364 2540 1380 2609 ἡ

396 2635 456 2704 περὶ
478 2633 510 2686 τὸ
529 2627 596 2685 αὐτὸ
619 2635 718 2700 κίνησις
739 2629 792 2684 ὑπὸ
817 2629 937 2688 στάσεως
962 2626 1067 2686 πάντας
1090 2632 1230 2694 κατέχεται
1247 2627 1276 2678 B.
1298 2622 1311 2695 ll
1349 2627 1381 2679 τὸ

397 2732 422 2768 et
441 2719 512 2772 lum
539 2738 590 2771 om.
614 2718 694 2769 Turn.
718 2717 800 2768 Fluss.
875 2713 902 2766 3.
925 2710 1133 2784 κωλυόμενον-
1149 2711 1213 2785 ὑπὲρ
1237 2708 1305 2766 αὐτὰ
1330 2733 1381 2764 om.

396 2803 548 2855 Stob.Patr.
567 2799 581 2871 ΙΙ
619 2806 646 2856 δὲ
663 2803 727 2862 τοὺς
743 2803 775 2854 τὰ
797 2804 827 2853 A.
846 2795 861 2869 ll
899 2800 1027 2854 elomB.
1048 2795 1061 2869 ll
1098 2798 1214 2869 ῗστηκεν]
1234 2803 1295 2867 ἵστη
1314 2799 1381 2862 libri,

398 2889 427 2939 el.
447 2887 519 2938 infra.
581 2889 607 2938 4.
626 2890 671 2938 καὶ
689 2884 758 2938 οὕτω
778 2887 843 2936 Patr.
864 2881 878 2953 Η
915 2883 1031 2950 ἕστηκεν]
1051 2883 1085 2936 sie
1103 2886 1174 2936 Stob.
1193 2889 1254 2952 lirun
1272 2885 1303 2948 B,
1322 2890 1383 2950 ἔστη

398 2971 546 3039 s‘1ATurn.
565 2973 647 3024 Fluss.
688 2971 713 3021 5.
733 2966 788 3034 ἀεὶ]
806 2970 842 3023 sic
859 2969 926 3019 Patr.
947 2987 997 3018 om.
1017 2969 1115 3035 reliqui.
1156 2969 1182 3020 6.
1201 2973 1313 3036 ἐπίγειον
1331 2990 1384 3021 om.

398 3057 444 3108 AB
463 3059 542 3108 Turn.
560 3057 641 3108 Fluss.
662 3050 676 3123 ΙΙ
714 3051 855 3124 tunsurus]
873 3051 909 3102 sic
927 3053 1007 3115 Petu,
1026 3056 1166 3104 ἐπιπίπτον
1185 3055 1265 3115 stou,
1283 3062 1383 3108 πῖπτον

398 3142 444 3194 AB
464 3142 543 3193 Turn.
561 3143 643 3194 Fluss.
665 3136 679 3210 ΙΙ
715 3142 776 3212 περὶ
793 3138 893 3192 τούτου
913 3159 965 3190 om.
984 3137 1030 3188 AB
1049 3139 1128 3190 Turn.
1147 3139 1227 3190 Fluss.
1286 3140 1309 3191 7.
1329 3143 1382 3193 tut-

398 3228 466 3296 γεια]
486 3230 595 3298 ἐπίκηρα
613 3227 685 3280 stob.
706 3221 719 3295 Η
756 3229 861 3297 θεωρία
880 3227 911 3286 A,
930 3223 1066 3294 θεώρησον
1084 3224 1157 3276 sub.
1220 3224 1244 3277 9.
1264 3228 1313 3276 τοῦ
1331 3245 1381 3277 om.

396 3313 442 3365 AB
461 3315 540 3366 Turn.
559 3313 641 3364 Fluss.
714 3312 754 3366 10.
773 3312 839 3383 μήτε
858 3309 936 3364 διἰναι
953 3305 997 3362 ὑπ’
1018 3303 1099 3375 arici}
1118 3309 1153 3362 sic
1171 3309 1250 3372 Patr..
1274 3331 1323 3362 om.
1343 3331 1381 3362 re-

397 3399 468 3468 liqui.
542 3398 584 3452 13.
602 3398 655 3452 ὑπὸ
674 3397 804 3465 στάσεως]
823 3393 974 3451 ὑποστάσει
994 3397 1023 3446 A.
1085 3395 1126 3447 lt.
1146 3395 1262 3461 κινεῖται]
1282 3400 1382 3465 γίνεται

396 3506 472 3552 marg.
491 3484 521 3537 B.
541 3480 559 3552 ΙΙ
593 3482 709 3553 κόσμον]
727 3485 762 3536 sic
779 3485 802 3535 B
821 3484 897 3548 Patr„
915 3482 982 3546 ζώον
1002 3484 1022 3532 Α
1042 3483 1065 3532 T
1067 3502 1121 3533 urn.
1142 3483 1220 3534 Fluss.

380 3673 483 3728 Herm.
519 3673 555 3729 Et
578 3673 717 3730 circulatio
742 3675 812 3731 cirea
835 3672 905 3728 idem
928 3681 1017 3729 motus
1040 3683 1083 3728 est
1101 3695 1114 3728 ει
1134 3683 1206 3729 statu
1231 3682 1380 3728 contentus.

329 3777 389 3813 nam
412 3758 485 3834 quod
507 3761 578 3815 eirca
601 3760 684 3827 idem,
707 3757 834 3836 prohibet
851 3757 880 3812 id
898 3757 969 3833 quod
992 3779 1075 3836 super
1096 3762 1193 3835 ipsum.
1225 3757 1381 3835 impeditum

329 3854 416 3900 autem
428 3865 511 3922 super
521 3847 611 3923 ipsum
623 3848 647 3902 si
665 3848 757 3901 stetin
776 3865 809 3900 eo
827 3843 899 3920 quod
917 3847 986 3901 eirea
1005 3847 1102 3922 ipsum,
1121 3848 1157 3901 ita
1170 3847 1302 3902 contraria
1315 3843 1381 3900 latio

329 3940 383 3986 stat
395 3930 481 4000 firma,
499 3951 514 3986 a
526 3933 713 3987 contrarietate
725 3951 831 4008 semper
842 3929 954 3986 firmata.
974 3931 1123 4008 exemplum
1141 3941 1228 3988 autem
1246 3941 1381 3986 terrenum

328 4017 414 4074 oculis
432 4036 577 4074 occurrens
594 4017 645 4073 tibi
663 4016 746 4083 ‹lab03
768 4026 872 4072 terrena
891 4015 1012 4072 animalia
1039 4026 1070 4073 ut
1091 4017 1225 4072 homiuem
1253 4015 1313 4071 dico
1341 4017 1382 4070 iu-

329 4106 403 4180 spice
421 4113 563 4160 uatantem.
591 4123 651 4159 nem
669 4103 722 4159 leta
740 4123 807 4178 aqua
825 4105 978 4158 resistentia
996 4101 1095 4180 pedum
1114 4113 1141 4158 et
1158 4123 1280 4160 manuum
1299 4103 1380 4158 statio

329 4187 360 4243 fit
376 4189 490 4259 homini,
509 4209 543 4245 ne
561 4189 642 4246 simul
659 4209 718 4246 eum
735 4209 804 4265 aqua
822 4188 957 4246 deleratur
975 4209 1061 4264 neque
1080 4200 1220 4265 mergatur.

381 4274 466 4331 Asel.
504 4274 691 4332 Clarissimum
709 4275 859 4354 exemplum
876 4275 978 4342 dixisti,
997 4295 1014 4332 ο
1032 4273 1213 4352 Trismegiste.

381 4357 483 4415 Herm.
520 4360 617 4418 Omnis
640 4383 703 4438 ergo
725 4373 815 4419 motus
833 4363 861 4417 in
878 4372 951 4420 statu
969 4372 996 4417 et
1014 4381 1027 4416 a
1046 4371 1118 4417 statu
1137 4372 1266 4418 movetur.
1290 4367 1379 4415 motus

330 4462 393 4518 ergo
419 4444 511 4502 muudi
535 4456 563 4502 et
585 4449 716 4526 cuiusque
738 4448 860 4506 animalis
888 4447 1032 4506 materialis
1055 4467 1110 4502 nou
1133 4447 1165 4502 ab
1188 4449 1222 4502 iis
1244 4445 1290 4511 lit,
1313 4463 1381 4520 quae
