3517 5434
856 693 898 754 ³²
1267 707 1433 766 nto-21.

318 853 520 941 ἀναφαίνεται
539 858 574 920 ιδ
595 852 721 920 δίκαιονΙ
733 860 864 943 πρός-τὸ
884 859 968 942 δίκην
991 859 1154 942 ὑπομένειν
1175 859 1246 930 τοῦς
1266 861 1317 926 διὰ
1334 861 1433 926 σκαιό·

316 977 392 1037 τητα
409 953 530 1039 τρόπων
545 954 694 1024 τοιούτοις
706 955 839 1041 ἄρχουσι
855 957 982 1024 δικαίως
993 955 1240 1040 περιπίπτοντας·
1262 960 1435 1043 ἀποφάσεις

316 1052 373 1136 γὰρ
400 1053 451 1114 καλ
475 1057 615 1115 τοιαῦται
640 1058 755 1137 σαφεῖς
783 1052 868 1138 παρά
894 1053 971 1116 θεοῦ
1002 1052 1080 1116 κατὰ
1107 1059 1166 1116 τῶν
1197 1055 1433 1141 ἁμαρτανόντων

317 1149 349 1211 ἐν
380 1153 515 1234 γραφαῖς
549 1155 616 1219 ταῖς
646 1151 746 1234 ἁγίαις
773 1149 959 1234 γεγένηνται.
1022 1149 1066 1222 21,
1111 1151 1126 1212 ό
1162 1151 1265 1236 μέντοι
1292 1157 1435 1239 χαλεπῶ-

316 1269 391 1310 τατα
418 1251 533 1332 μανεὶς,
556 1249 612 1340 Δίνα
638 1251 712 1334 παρ’
741 1248 827 1333 αῦτηῖ
852 1250 990 1333 κρατήσῃ
1017 1249 1051 1312 τὸ
1081 1245 1181 1330 δόγμα
1207 1255 1260 1332 τής
1282 1251 1467 1335 ἀγενήτουῶ

316 1347 424 1414 κακίας
453 1348 504 1410 καὶ
537 1353 592 1432 τῆς
620 1348 699 1413 κατὰ
726 1346 804 1408 θεοῦ
835 1346 1044 1430 βλασφημίας,
1070 1345 1160 1410 οὐδὲν
1184 1347 1433 1433 ἀσυκοφάντητον

316 1443 521 1510 καταλέλοιπε
541 1450 596 1528 τῆς
616 1451 670 1509 τοῦ
693 1445 770 1508 θεοῦ
791 1443 982 1526 διοικήσεως.
1029 1445 1177 1514 πολλάκις
1199 1444 1233 1507 δὲ
1255 1443 1333 1508 ἔστιν
1360 1447 1433 1508 ἰδεῖν

317 1542 368 1603 καὶ
386 1542 522 1612 δικαίους
539 1543 755 1628 ἡμαρτηκότας
774 1542 834 1604 ῦπδ
855 1541 979 1625 ἀσεβεῖς
991 1540 1186 1625 γενομένους,
1207 1544 1310 1626 ῶσπερ
1325 1542 1432 1626 εὐγενῆ
1471 1605 1477 1618 ,

316 1641 412 1702 παῖδα
432 1642 523 1724 πατρὶ
544 1642 585 1724 μή
608 1639 793 1722 πειθόμενον
817 1638 868 1700 διὰ
889 1637 977 1707 ξένου
999 1637 1198 1722 τυπτόμενον,
1220 1639 1269 1703 ἵνα
1292 1639 1369 1722 μετὰ
1382 1644 1435 1722 τῆς

317 1735 487 1819 ἀλγηδόνος
502 1742 562 1800 τῶν
577 1739 704 1821 πληγῶν
721 1737 806 1817 καὶὴ
825 1735 930 1818 ἀτιμία
942 1740 997 1798 τοῦ
1013 1736 1254 1819 διακονουμένου
1273 1739 1431 1822 μεταβάλη
1452 1747 1485 1800 10

316 1833 367 1895 τὸν
396 1835 648 1917 πλημμελοῦντα.
696 1834 729 1897 ἐν
757 1834 814 1915 γάρ
842 1855 871 1894 τι
899 1834 950 1895 καὶ
978 1831 1070 1916 μόνον
1100 1830 1219 1917 ἔφαμεν
1244 1835 1296 1896 καὶ
1319 1833 1435 1916 ἀληθές

318 1928 408 2006 ἐστιν,
432 1934 475 2000 ῶς
496 1933 512 1995 ό
530 1933 607 2015 πρδς
628 1932 705 1994 θεοῦ
724 1929 890 2013 γενόμενος
911 1925 1267 2010 ἄνθρωπος’ἀπαιτεῖται
1286 1931 1363 1994 κατὰ
1383 1934 1433 1996 τὸν
1516 1975 1519 1982 ·

318 2027 382 2113 βίον
410 2029 444 2090 τδ
478 2029 599 2092 συνέσει
627 2031 775 2112 λογισμοῦ
799 2024 1008 2108 κατορθῶσαι,
1037 2027 1071 2089 τὸ
1097 2025 1175 2088 κατὰ
1197 2029 1292 2112 μηδὲν
1319 2029 1433 2092 ἀδικεῖν

316 2129 370 2209 τὴν
389 2127 516 2211 ἀρετήν·
539 2123 564 2212 ᾧ
584 2128 622 2210 δή
644 2149 688 2194 τις
705 2123 870 2209 προσέχων
890 2124 940 2186 καὶ
961 2122 1056 2208 μόνῳ,
1077 2125 1172 2207 μηδὲν
1195 2123 1298 2209 ἕτερόν
1319 2149 1346 2188 τι
1357 2126 1434 2188 κατὰ

316 2226 367 2287 τὸν
392 2225 456 2310 βίον
477 2221 548 2307 ἔχη.
582 2229 673 2286 τοῦτο
695 2223 795 2286 τοίνυν
817 2222 845 2284 εί
866 2221 905 2284 δι’
928 2220 1002 2284 ὅλου
1023 2225 1077 2284 τοῦ
1095 2223 1164 2305 περὶ
1179 2222 1326 2306 προνοίας
1339 2221 1431 2304 λόγου
1453 2231 1484 2284 ίό

318 2321 552 2406 μνημονεόοιτο,
573 2321 664 2384 οῦδὲν
686 2318 721 2384 ἀν
743 2319 944 2382 όποπτεόοιτο
963 2319 1040 2402 πρὸς
1060 2318 1224 2401 ἀνισότητα
1244 2319 1295 2381 καὶ
1310 2320 1433 2389 ἀταξίαν

316 2426 376 2483 τῶν
398 2421 570 2504 πρὸςθεοῦ
590 2416 822 2500 διοικουμένων.
856 2417 885 2479 εί
908 2416 962 2500 μὲν
984 2415 1042 2500 γὰρ
1065 2416 1151 2500 εῦροι
1172 2439 1216 2485 τις
1238 2415 1272 2479 ἀν
1291 2420 1333 2484 ῶς
1347 2415 1434 2500 ἄλλιρ

318 2520 372 2601 μὶν
399 2519 518 2581 ἀνεῖται
545 2521 599 2599 τῆς
626 2515 777 2601 εὐσεβοῦς
805 2515 917 2600 ἀρετῆς
944 2515 963 2597 ἡ
995 2515 1122 2598 πορεία,
1151 2513 1238 2598 ἄλλην
1262 2515 1301 2583 ,δὲ
1324 2515 1433 2578 ἀποκέ-

317 2618 468 2691 κλεισται,
498 2614 633 2676 ἐνταῦθα
661 2614 739 2695 πρὸς
763 2613 798 2675 τδ
827 2616 880 2674 νῦν
909 2613 1079 2696 κεφάλαιον
1106 2616 1165 2674 τῶν
1190 2611 1315 2693 ἀγαθῶν
1339 2614 1390 2676 καὶ
1413 2616 1432 2696 ή

318 2711 459 2793 ἀνισότης
480 2711 626 2795 διαβολὴν
652 2709 793 2795 ἀνέχειν
817 2708 906 2778 ἔδοξε
926 2712 981 2790 τῆς
1004 2709 1198 2790 διοικήσεως·
1227 2701 1255 2771 εί
1275 2711 1310 2773 δέ
1334 2711 1372 2774 δι’
1397 2711 1433 2774 οῦ
1450 2719 1485 2774 90

318 2810 369 2870 καὶ
391 2807 487 2890 μόνου
509 2805 619 2889 γένοιτ’
644 2806 680 2870 ἄν
702 2829 746 2875 τις
766 2812 810 2875 ῶς
830 2805 958 2888 ἀληθῶς
981 2805 1139 2888 μακάριος,
1162 2809 1251 2868 τοῦτο
1268 2809 1368 2870 κοινὸν
1384 2809 1432 2872 ἐπ’

319 2904 386 2988 ἴσης
406 2904 484 2987 πρδς
506 2903 645 2972 ἐξουσίαν
667 2906 731 2970 τοῖς
750 2903 846 2966 ἅπασι
860 2901 1029 2988 πρόκειται,
1048 2901 1137 2964 ποίαν
1152 2901 1304 2986 διαφορὰν
1320 2903 1434 2969 είποιεν

319 2999 355 3065 ἄν
385 3023 428 3068 τις
458 2998 527 3085 (κᾷν
558 2997 579 3085 ή
612 2999 778 3084 φιλαίτιος)
809 3000 828 3083 ἢ
858 2999 1039 3082 ἀνισότητα,
1072 2997 1164 3062 ὁπότε
1194 3005 1253 3060 τῶν
1288 3001 1374 3068 ἐκτὸς
1403 3005 1434 3064 αἱ

317 3099 491 3168 πλεονεξίαι
518 3095 606 3164 αῦθις
633 3099 708 3180 πρὸς
735 3095 859 3180 ἰσότητα
889 3100 952 3164 τοῖς
973 3098 1131 3179 λογισμοῖς
1151 3096 1357 3172 ἀνακλῶνταις
1393 3103 1435 3166 ῶς

318 3194 376 3259 οὐκ
403 3194 528 3260 ἔλαττον
552 3193 606 3277 μὲν
629 3194 649 3277 ἢ
672 3194 863 3276 καὶμᾶλλον
886 3193 1043 3276 ἡδομένου
1066 3197 1120 3256 τοῦ
1141 3192 1272 3276 πένητος
1295 3197 1340 3264 οἷς
1360 3219 1431 3280 προ·
1450 3209 1484 3265 25

319 3292 465 3378 σφέρεται
483 3293 623 3377 τροφίοις
639 3296 694 3354 τοῦ
713 3291 875 3354 πλουσίου.
903 3291 953 3354 καὶ
974 3289 1011 3354 τά
1032 3291 1102 3372 περὶ
1126 3289 1239 3374 σκέπην
1262 3293 1297 3354 δὲ
1319 3294 1435 3376 ὁμοίως

318 3389 395 3477 ἔχει,
417 3389 472 3476 κᾷν
493 3392 583 3476 ήττον
605 3391 730 3473 ὑπάρχη
753 3389 846 3471 τίμια.
872 3389 924 3452 καὶ
940 3387 1037 3456 ’τόπος
1059 3387 1233 3470 αἰσθήσεως
1244 3388 1281 3452 τά
1294 3392 1436 3474 συνήθως

317 3490 544 3574 παρακείμενα,
574 3493 617 3557 ῶς
644 3485 763 3570 μηδένα
791 3491 846 3549 τοῦ
867 3487 1010 3554 πλείονος
1030 3485 1288 3564 ἐπαισθάνεσθαι,
1310 3487 1360 3550 διά
1382 3494 1435 3572 τῆς

318 3587 482 3670 συνηθείας
508 3589 560 3668 τῆς
581 3585 757 3668 αἰσθήσεως
780 3583 1027 3671 ἀμουρουμένης,
1052 3583 1131 3668 μηδὲ
1155 3583 1248 3648 ἀλλον
1272 3591 1326 3648 τοῦ
1350 3586 1433 3650 ἐλοίτ-

317 3689 415 3758 τονος,
443 3684 495 3746 καὶ
521 3682 630 3745 τοῦτου
658 3681 710 3745 διὰ
739 3682 902 3766 συνηθείας
928 3683 962 3745 τδ
988 3681 1092 3746 ἐνδέον
1119 3683 1194 3766 πρδς
1215 3683 1268 3764 τήν
1292 3682 1432 3766 αἴσθησιν
1450 3697 1485 3754 30

319 3781 361 3862 μή
384 3779 519 3861 ἄγοντος.
551 3778 659 3842 αὐτίκα
681 3779 843 3863 βάρβαροι,
864 3781 973 3862 γυμνοὶ
994 3779 1028 3844 τό
1050 3803 1083 3842 τε
1106 3779 1200 3844 πλέον
1224 3785 1278 3844 τοῦ
1293 3783 1436 3864 σώματος

319 3878 474 3960 διάγοντες
499 3876 551 3938 καὶ
573 3875 723 3958 ἀστρωτοι
745 3875 949 3946 καθεύδοντες
971 3879 1022 3940 καὶ
1045 3881 1171 3962 λυπραῖς
1190 3877 1339 3960 ἐδέσμασι
1361 3879 1433 3940 διαι-

318 3977 461 4057 τῶμενοι,
491 3973 549 4037 οῦκ
573 3972 741 4057 ἠνέσχοντο
768 3974 895 4036 πώποτε
924 3977 1099 4037 καταλιπεῖν
1128 3976 1181 4058 τὴν
1203 3975 1295 4060 φίλην
1317 3976 1432 4038 δίαιταν

319 4074 362 4139 ῶς
384 4071 435 4134 διὰ
456 4075 510 4154 τῆς
530 4069 693 4153 συνηθείας
716 4069 749 4132 τδ
773 4069 879 4134 ἐνδέον
900 4070 999 4134 αὐτῶν
1022 4073 1101 4155 μηδὲ
1124 4072 1332 4156 καθορῶντες,
1361 4076 1433 4156 μᾶλ-

319 4170 372 4231 λον
392 4170 428 4232 δὲ
447 4169 557 4251 ταύτην
577 4167 647 4252 μηδ’
670 4168 831 4232 ἀπολιπεῖν
853 4168 917 4231 οίοί
933 4191 966 4232 τε
981 4167 1079 4237 ὄντες·
1104 4170 1123 4254 ή
1143 4170 1252 4234 θᾶττον
1266 4171 1320 4253 μὲν
1335 4169 1370 4233 ἀν
1383 4170 1432 4232 καὶ
1450 4183 1485 4240 35

319 4268 352 4329 τδ
373 4267 515 4347 ὑγιαίνειν
533 4266 742 4342 καταλίποιεν,
763 4265 872 4330 θᾶττον
896 4265 923 4330 δ’
947 4263 982 4329 ἀν
1003 4267 1107 4331 καὶτὸ
1130 4269 1206 4351 πρδς
1227 4265 1363 4349 κρυμοθς
1383 4268 1434 4330 καὶ

318 4363 448 4445 ἡλιακὴν
479 4361 579 4446 φλόγα
605 4366 763 4446 καρτερεῖν
793 4363 1029 4448 ἀποκτήσαιντο.
1081 4365 1133 4427 καὶ
1158 4362 1235 4447 πρός
1262 4385 1297 4444 γε
1322 4363 1355 4425 τδ
1380 4367 1432 4447 ξῆν

319 4460 421 4530 οὐδεὶς
442 4461 569 4528 οῦδενδς
586 4457 679 4522 πλέον
693 4456 769 4544 ιἔχει
788 4458 865 4523 κατὰ
887 4461 937 4524 τδν
960 4463 1036 4547 βίον.
1075 4459 1172 4522 κοιναὶ
1192 4459 1246 4543 μὲν
1266 4459 1323 4542 γάρ
1343 4464 1433 4524 πᾶσιν

319 4559 352 4622 αἱ
377 4557 503 4644 φυσικαὶ
532 4555 751 4625 διαναπαῦσιις
780 4557 971 4622 ἀνακλίσεῶν
996 4559 1103 4622 τεκαὶ
1127 4557 1246 4634 ῦπνων,
1278 4557 1377 4632 κοιναὶ
1399 4558 1434 4622 δὲ
