3517 5434
370 676 480 752 Γρηγόρ.
898 669 908 725 ί
920 668 956 724 10

367 855 425 895 πον
455 837 498 901 ὡς
523 831 626 916 ἕτερον
649 830 722 894 ὄντα
747 830 832 915 παρὰ
850 833 902 896 τόν
923 832 960 896 ἐκ
979 832 1056 896 θεοῦ
1079 830 1163 895 θεόν.
1207 829 1335 916 οίῦαμεν
1357 832 1414 918 γὰρ
1438 832 1484 896 ὅτι

371 931 423 1007 ,έν
448 931 532 1014 ἀρχῇ
561 928 617 1011 μὲν
646 928 683 1013 ἧν
714 929 731 991 6
759 928 850 1012 λόγος
873 931 925 993 καὶ
956 931 971 994 6
996 928 1087 1012 λόγος
1107 928 1144 1013 ἦν
1165 931 1242 1011 πρός
1260 931 1311 994 τὸν
1334 931 1408 999 θεόν
1431 932 1484 994 καί

367 1028 441 1096 θεὸς
462 1027 499 1112 ἧν
522 1028 538 1089 6
561 1024 685 1107 λόγοτ“,
714 1026 879 1110 γενόμενον
906 1028 941 1090 δὲ
967 1027 1058 1110 αὐτόν
1081 1024 1244 1110 ἄνθρωπον
1266 1027 1316 1091 διὰ
1337 1031 1390 1112 τὴν
1409 1031 1482 1112 ἥμε-

367 1125 458 1209 τέραν
489 1123 641 1207 σωτηρίαν
669 1130 901 1208 προσκυνοῦμεν
933 1125 992 1210 υόχ
1022 1128 1065 1192 όντ
1096 1122 1161 1186 ἴσον
1187 1123 1218 1188 ἐν
1243 1124 1482 1210 ἴσῳ-γενόμενον

334 1229 414 1308 σιῷ
445 1224 573 1305 σώματι,
602 1219 673 1283 ἀλλ’
702 1225 746 1289 ὡς
777 1221 934 1312 δεσπότην,
955 1220 1172 1308 προσλαβόντα
1201 1223 1254 1304 τὴν
1284 1229 1338 1286 τοῦ
1368 1224 1482 1288 δοῦλυυ

368 1320 502 1405 μορφήν.
544 1320 758 1401 ὁμολογοῦμεν
788 1321 822 1382 τὸ
851 1320 952 1388 πάθος
979 1325 1034 1384 τοῦ
1062 1318 1168 1404 κυρίου
1190 1319 1268 1383 κατὰ
1292 1321 1399 1405 σάρκα,
1429 1322 1482 1403 τὴν

368 1418 530 1479 ἀνάστασιν
562 1416 594 1478 ἐν
624 1417 753 1498 δυνάμει
779 1414 926 1499 θεότητος
953 1416 1064 1494 αὐτοῦ,
1094 1417 1148 1500 τὴν
1173 1418 1216 1486 είς
1239 1416 1391 1502 οὐρανοὺς
1413 1419 1482 1482 ἀνά-

367 1516 472 1599 βασιν,
497 1515 550 1596 τὴν
572 1511 695 1595 ἔνδοξον
716 1511 811 1576 αότοῦ
834 1516 1005 1598 παρουσίαν
1028 1513 1199 1600 ἐρχομένου
1224 1513 1273 1576 ἐπὶ
1292 1516 1389 1598 κρίσει
1411 1519 1482 1588 ζών-

367 1633 427 1674 των
454 1612 505 1674 καί
533 1615 649 1694 νεκρῶν
675 1608 726 1672 καὶ
748 1614 816 1695 ζωῇ
837 1613 953 1699 αἰωνίῳ
975 1618 1034 1675 τῶν
1059 1611 1163 1694 ἁγίων.
1204 1611 1255 1674 καί
1279 1611 1385 1697 ἐπειδή
1407 1635 1485 1682 τινες

317 1722 352 1775 1⁰
367 1707 610 1793 παρηνόχλησαν
632 1708 716 1790 ἡμῖν,
747 1708 926 1794 ἀνατρέπειν
952 1709 1177 1795 ἐπιχειροῦντες
1198 1707 1251 1791 τὴν
1276 1709 1372 1772 πίστιν
1394 1711 1482 1794 ἡμῶν

366 1807 420 1888 τὴν
449 1807 493 1874 είς
516 1805 567 1868 τόν
595 1806 699 1891 κόριον
728 1807 817 1889 ἡμῶν
842 1806 963 1891 Ἰησοῦν
991 1810 1041 1871 τὸν
1070 1805 1210 1891 χριστόν,
1242 1806 1279 1870 οῦ
1307 1807 1381 1871 θεὸν
1409 1807 1482 1893 [80]

367 1903 568 1987 σαρκωθέντα
600 1905 824 1986 ὁμολογοῦντες
856 1905 948 1970 αὐτὸν
984 1904 1065 1968 ἀλλὰ
1097 1903 1263 1988 ἄνθρωποί
1294 1903 1361 1990 θεῷ
1394 1929 1481 1970 συνα·

350 1999 501 2085 σθέντα,
529 2001 638 2065 τοῦτου
666 2002 755 2086 χάριν
786 2003 953 2086 ὁμολογίαν
982 2001 1158 2085 ποιούμεθα
1178 2003 1247 2086 περὶ
1269 2007 1322 2086 τῆς
1342 2025 1482 2090 προειρη-

368 2095 462 2180 μένης
486 2097 632 2186 πίστεως,
662 2097 863 2182 ἐκβάλλοντες
885 2101 937 2183 την
962 2099 1086 2162 ἄπιστον
1109 2099 1291 2182 ἀντιλογίαν.
1331 2099 1405 2169 θεὸς
1425 2101 1482 2187 γὰρ

318 2211 351 2264 ιι
369 2194 540 2277 σαρκωθείς
567 2195 746 2279 ἀνθρωπίνῃ
774 2197 863 2280 σαρκί
888 2197 1026 2281 καθαρὰν
1051 2193 1118 2280 ἔχει
1138 2197 1190 2278 τὴν
1215 2198 1292 2260 ἰδίαν
1317 2195 1482 2281 ἐνέργειαν,

366 2296 439 2360 νοῦς
465 2292 613 2375 ἀήττητος
639 2293 681 2355 ὢν
709 2299 768 2373 τῦιγ
799 2298 937 2378 ψυχικῶν
966 2295 1016 2356 καὶ
1034 2299 1194 2378 ’σαρκικῶν
1217 2294 1409 2380 παθημάτων
1432 2297 1483 2360 καί

367 2387 450 2470 ἄγων
478 2389 532 2470 τἠν
562 2390 659 2472 σάρκα
681 2389 806 2458 καὶτὰς
831 2390 976 2474 σαρκικάς
997 2392 1130 2474 κινήσεις
1150 2391 1263 2461 θεϊκιῦς
1282 2413 1316 2454 τε
1338 2393 1389 2454 καί
1412 2393 1482 2456 ἀνα·

368 2486 529 2568 μαρτήτως
554 2486 606 2548 καὶ
637 2485 674 2548 οό
707 2487 800 2570 μόνον
831 2488 1013 2570 ἀκράτητος,
1030 2487 1172 2574 θανάτῳ,
1205 2489 1286 2553 ἀλλά
1317 2490 1368 2552 καὶ
1401 2487 1482 2552 λύων

366 2579 510 2643 θάνατον.
552 2583 603 2644 καί
628 2583 691 2645 ἐστὶ
713 2584 786 2652 θεὸς
808 2583 955 2666 ἀληθινός
979 2586 995 2648 6
1022 2584 1157 2668 ἄσαρκος
1181 2586 1211 2648 ἐν
1237 2587 1323 2672 σαρκὶ
1345 2608 1482 2671 φανερω-

314 2695 351 2750 w
367 2677 447 2764 θείς,
469 2677 588 2748 τέλειος
607 2684 648 2763 τῇ
672 2680 807 2765 ἀληθινῇ
824 2681 875 2744 καὶ
898 2679 968 2766 θείηι
990 2682 1231 2766 τελειότητι,·οὐ
1253 2685 1307 2748 660
1329 2683 1482 2768 πρόσωπα

367 2773 442 2840 οὐδὲ
466 2777 521 2840 δύο
544 2776 665 2860 φόσεις·
688 2777 764 2841 οὐδὲ
785 2779 843 2862 γάρ
863 2777 999 2863 τέσσαρα
1016 2787 1197 2864 προσκυνεῖν
1215 2783 1322 2866 [ἡμᾶς]
1341 2781 1481 2865 λέγομεν,

365 2871 439 2936 θεόν
462 2875 513 2937 καί
535 2877 601 2940 υίόν
624 2878 700 2940 θεοῦ
722 2877 773 2939 καί
797 2875 961 2961 ἄνθρωπον
984 2877 1035 2939 καὶ
1055 2882 1177 2962 πνεῦμα
1199 2879 1295 2962 ἅγιον.
1331 2879 1370 2943 δι’
1394 2879 1409 2942 6
1431 2879 1482 2956 καὶ

366 2970 631 3057 ἀναθεματίζομεν
659 2973 730 3042 τοὺς
750 2973 850 3041 οῦτως
871 2974 1076 3059 ἀσεβοῦντας,
1106 2975 1177 3044 τοῦς
1200 2975 1364 3060 ἄνθρωπον
1389 2977 1420 3040 έν
1443 2982 1482 3060 τῇ

365 3067 437 3152 θείη
454 3069 617 3156 δοίολογίσρ
634 3071 786 3139 τιθέντας·
809 3073 898 3155 ἡμεῖς
917 3071 975 3154 γὰρ
996 3073 1096 3157 φαμὲν
1117 3071 1280 3158 ἄνθρωπον
1300 3075 1482 3158 γεγενῆσθαι

316 3166 418 3232 αυτὸν
446 3172 500 3230 τοῦ
532 3168 609 3232 θεοῦ
641 3169 733 3252 λόγον
760 3169 837 3253 πρὸς
869 3170 1021 3253 σωτηρίαν
1049 3172 1153 3253 ἡμῶν,
1185 3170 1233 3235 ίνα
1257 3172 1309 3256 τὴν
1335 3173 1480 3256 ὁμοίωσιν

365 3267 420 3324 τοῦ
442 3262 627 3348 ἐπουρανίου
651 3268 796 3352 λάβωμεν
816 3267 868 3330 καὶ
888 3266 1127 3350 θεοπυιηθῶμεν
1145 3270 1222 3352 πρὸς
1241 3269 1408 3353 ὁμοιότητα
1427 3273 1480 3334 τοῦ

366 3363 444 3426 κατὰ
470 3361 558 3446 φῦσιν
588 3363 738 3447 ἀληθινοῦ
766 3365 834 3427 υἱοῦ
860 3368 915 3427 ’τοῦ
938 3363 1032 3442 θεοῦ,
1060 3365 1137 3428 κατὰ
1162 3367 1260 3451 σάρκα
1282 3367 1317 3430 δὲ
1341 3367 1410 3430 υἱοῦ
1433 3368 1480 3429 ἀν-

365 3459 495 3543 θρώπου
524 3461 630 3545 κυρίου
660 3462 749 3543 ἡμῶν
777 3459 881 3544 Ἰησοῦ
912 3467 1049 3545 χριστοῦ.
1096 3462 1277 3547 πιστεύομεν
1308 3464 1407 3537 τοίνυν
1438 3464 1482 3532 τίς

366 3557 421 3620 ἕνα
443 3556 535 3633 θεόν,
557 3557 637 3621 τοῦτ’
664 3558 742 3622 ἐστὶν
766 3559 809 3627 είς
831 3559 901 3640 μίαν
926 3559 1042 3644 ἀρχήν,
1070 3560 1121 3623 τόν
1141 3559 1214 3622 θεὸν
1234 3567 1289 3626 τοῦ
1310 3558 1407 3644 νόμου
1430 3560 1481 3623 καὶ

314 3667 351 3721 ω
366 3659 421 3716 τοῦ
443 3653 634 3737 εὐαγγελίου,
656 3655 771 3718 δίκαιον
795 3657 846 3719 καὶ
868 3655 1003 3739 ἀγαθόν,
1026 3657 1077 3720 καί
1099 3657 1142 3725 είς
1162 3657 1217 3720 ἕνα
1238 3657 1341 3742 κόριον
1362 3656 1480 3740 Ἰησοῦν

365 3750 499 3835 χριστόν,
520 3752 595 3815 θεὸν
615 3753 775 3836 ἀληθινόν,
796 3755 878 3818 τοῦτ’
901 3754 979 3816 ἐστὶν
1002 3753 1105 3818 εἰκόνα
1124 3759 1191 3836 [τοῦ
1207 3754 1316 3838 μόνου]
1332 3755 1481 3839 ἀληθινοῦ

365 3849 461 3926 θεοῦ,
488 3850 672 3933 δημιουργὸν
689 3851 822 3912 ,πάντων
854 3853 974 3936 όρατῶν
997 3874 1030 3913 τε
1052 3853 1103 3915 καὶ
1124 3852 1283 3936 ἀοράτων,
1316 3854 1381 3916 υἱὸν
1403 3852 1481 3916 θεοῦ

363 3947 418 4009 καὶ
437 3946 572 4031 γέννημα
595 3947 758 4030 μονογενὲς
779 3949 831 4010 καὶ
856 3949 976 4024 ἀίδιον,
1005 3948 1095 4031 λόγον
1121 3953 1220 4021 ζῶντα
1246 3951 1298 4013 καὶ
1321 3951 1482 4034 ὑφεστῶτα

365 4045 431 4124 [καὶ
453 4045 666 4125 ὑποστατικὸν]
691 4046 743 4108 καί
766 4045 906 4130 ἐνεργόν,
938 4045 987 4107 ἀεὶ
1009 4045 1137 4108 συνόντα
1159 4049 1204 4132 τηῦ
1224 4047 1335 4131 πατρί,
1365 4049 1416 4111 καί
1439 4049 1482 4117 είς

313 4153 350 4210 ω
368 4141 400 4212 ἓν
422 4142 508 4225 ἅγιον
529 4146 660 4226 πνεῦμα,
682 4143 735 4205 καί
755 4143 799 4210 είς
816 4143 988 4226 παρουσίαν
1009 4141 1131 4213 ἔνδοξον
1154 4149 1208 4206 τοῦ
1230 4145 1298 4208 οἱοῦ
1318 4149 1372 4208 τοῦ
1393 4145 1480 4220 θεοῦ,

366 4240 467 4324 σάρκα
487 4239 635 4326 λαβόντος
655 4239 709 4322 τὴν
727 4239 768 4302 ἐκ
786 4239 956 4322 παρθένου,
979 4246 1034 4305 τοῦ
1058 4240 1127 4304 ἀνθ’
1151 4242 1240 4324 ἡμῶν
1263 4240 1482 4324 ὑπομείναντος

364 4336 450 4421 πάθη
477 4338 531 4401 καί
556 4337 687 4401 θάνατον
717 4339 768 4400 καί
798 4337 944 4408 ἐλθόντος
969 4341 1012 4408 είς
1031 4339 1194 4402 ἀνάστασιν
1216 4342 1255 4423 τῇ
1276 4338 1360 4424 τρίτη
1379 4337 1482 4423 ἡμέρη

364 4435 417 4496 καὶ
439 4434 739 4522 ἀναληφθέντος-είς
761 4435 926 4521 οὐρανούς,
947 4438 999 4502 καὶ
1021 4437 1064 4506 εἰς
1084 4436 1137 4520 τὴν
1161 4435 1335 4520 μέλλουσαν
1358 4434 1480 4506 ἔνδοξον

366 4531 462 4594 αὐτοῦ
486 4533 676 4617 παρουσίαν,
700 4534 752 4596 καὶ
774 4533 819 4602 είς
841 4534 911 4617 μίαν
934 4535 1022 4618 ἁγίαν
1046 4533 1225 4618 ἐκκλησίαν,
1256 4533 1365 4619 ἄφεσιν
1385 4533 1480 4620 ἁμαρ-
