3517 5434
862 661 901 722 11
1284 673 1313 728 A
1333 671 1376 730 18.
1398 671 1439 730 11.

323 823 482 907 ἀλόγιστον
512 825 548 890 δέ
575 824 665 909 φύσιν
685 827 869 908 εἰσάγουσιν.
911 826 939 889 εἰ
960 827 1060 904 τοίνυν
1081 825 1200 910 ἀνάγκη
1222 823 1346 910 φύσεως
1364 826 1440 912 πρὸς

321 920 375 990 τὰς
397 921 553 1008 προβολὰς
580 924 689 993 ἀιδίως
716 921 864 1007 ἐφέρετο,
894 923 966 987 όσον
998 922 1034 987 ἀν
1056 945 1099 992 τις
1124 923 1200 1008 φαίη
1222 923 1381 1008 τυγχάνειν
1404 923 1438 988 τδ

323 1018 380 1104 ἀφ’
405 1017 442 1082 οῦ
473 1020 647 1106 κατεσχέθη
678 1022 832 1104 διάστημα
856 1025 911 1084 τοῦ
941 1021 1053 1090 αἰῶνος
1080 1021 1140 1089 ἕως
1168 1025 1237 1098 νῦν,
1272 1021 1367 1104 δῆλον
1397 1023 1440 1088 ῶς

323 1115 367 1181 ἔτι
385 1115 493 1180 τούτου
517 1119 759 1204 μυριοπλασίους
780 1119 895 1186 αἰῶνας
918 1119 937 1200 ἡ
961 1116 1108 1202 ἀγένητος
1131 1116 1248 1201 ἐγέννα,
1272 1118 1323 1182 καὶ
1334 1118 1440 1202 χώραν

322 1213 382 1299 οὐχ
403 1215 465 1284 ἕξει
484 1217 519 1279 τδ
541 1221 733 1300 καινοτομεῖν
754 1215 784 1278 τί
798 1215 831 1278 τδ
856 1215 964 1280 ἀίδιον.
987 1215 1007 1298 ἢ
1028 1214 1085 1300 γὰρ
1110 1213 1201 1300 φύσει
1222 1214 1474 1304 καινοτομήσειῦ

320 1311 372 1374 καὶ
403 1311 553 1377 οὐδέποτε
580 1317 634 1396 τῆς
661 1313 858 1397 καινοτομίας
887 1311 1059 1390 ἐπέπαυτο,
1092 1313 1119 1376 εἰ
1149 1313 1186 1395 δὴ
1219 1317 1308 1376 τοῦτο
1341 1333 1440 1375 καινο-

291 1484 297 1496 ⁸
321 1409 430 1491 τομίαν
454 1411 503 1473 δεῖ
522 1414 643 1488 καλεῖν,
671 1414 714 1480 ῶς
733 1411 885 1495 μηδαμῶς
903 1410 1047 1495 χρονικὴν
1068 1409 1167 1494 ἀρχὴν
1193 1407 1275 1494 ἔχειν
1297 1409 1350 1493 τἠν
1370 1408 1439 1474 κατ’

322 1505 416 1588 αὐτῆς
439 1510 493 1570 τοῦ
509 1507 629 1590 ἀγαθοῦ
657 1508 871 1594 μεταχείρησιν
894 1509 969 1592 -ή
993 1509 1133 1592 λογισμῷ
1151 1510 1242 1570 τοῦτο
1264 1509 1441 1591 πράττουσα

322 1603 413 1685 λόγον
437 1601 506 1688 ἔχει
525 1606 576 1668 καὶ
595 1610 725 1688 γνῶσιν,
755 1607 807 1669 καὶ
835 1604 1058 1691 ἀνατέτραπται
1078 1609 1132 1688 τῆς
1151 1602 1271 1687 ἀλόγου·
1290 1605 1398 1674 κακίας
1419 1606 1438 1688 ή

323 1700 478 1770 ὑπόθεσις.
503 1700 565 1765 εἴτε
587 1700 640 1765 οὐν
664 1705 803 1787 λογισμῷ
828 1701 889 1765 εἴτε
910 1703 961 1766 καὶ
982 1703 1135 1788 ἀλογίστῳ
1149 1707 1232 1786 φορᾷ
1247 1701 1438 1780 ἐπανίστατο,
1458 1711 1491 1766 ἰῦ
1619 1747 1620 1778 γ

322 1801 366 1869 τίς
387 1800 404 1862 ό
429 1797 521 1881 λόγος
541 1799 613 1868 τούς
631 1800 823 1885 ἀπεράντους
842 1800 958 1870 αἰῶνας
983 1800 1094 1883 ταύτην
1116 1803 1260 1884 παρεῖναι
1282 1803 1359 1884 πρδς
1386 1800 1439 1883 τὴν

321 1895 464 1980 τοιαύτην
495 1897 714 1974 ἐπανάστασινς
741 1895 801 1982 ἀφ’
831 1896 869 1960 ού
899 1895 957 1981 γὰρ
984 1896 1198 1982 κατεσχῆσθαί
1226 1919 1316 1981 φησιν
1346 1896 1439 1982 αὐτὴν
1527 1888 1533 1899 ’

322 1995 383 2064 έιυς
401 1999 466 2071 νῦν,
493 1996 599 2079 στιγμὴ
622 1995 738 2080 χρόνου
758 1994 870 2078 γένοιτ’
884 1993 932 2074 ἀν,
959 1994 986 2059 εἰ
1006 1995 1218 2080 παραβάλοιτο
1239 1997 1302 2062 τοῖς
1326 1996 1439 2078 προλα-

322 2096 427 2180 βοῦσιν
451 2093 589 2177 ἀπείροις
603 2093 709 2156 αἰῶσι·
733 2093 841 2176 τὸμὲν
861 2091 919 2176 γὰρ
941 2091 1036 2178 ἄρχον
1060 2093 1111 2156 καὶ
1134 2094 1270 2158 τελειοῦν
1292 2089 1439 2176 πεπέραν-

322 2213 387 2268 ται,
409 2191 440 2254 οί
459 2191 495 2254 δέ
517 2193 676 2258 παντελῶς
696 2189 863 2274 ἀπέραντοι
884 2189 980 2254 ἀίδιοί
1001 2212 1034 2252 τε
1054 2191 1105 2253 καὶ
1130 2189 1298 2276 ἀγέννητοι.
1335 2187 1440 2254 ἔπειτα
1459 2197 1491 2252 a

325 2288 354 2351 εἰ
373 2289 513 2372 λυγισμῷ
533 2287 697 2352 ἐκακύνετο
720 2290 797 2372 πρὸς
818 2288 871 2371 τὴν
900 2288 1113 2364 ἐπανάστασιν,
1136 2291 1203 2356 πῶς
1226 2285 1296 2372 οὐχὶ
1319 2288 1371 2350 καὶ
1391 2289 1440 2350 λο·

321 2388 422 2470 γισμιγῑ
441 2384 570 2467 διεκόπη
597 2385 632 2447 τδ
654 2384 805 2449 ἀδύνατον
825 2390 879 2469 τῆς
901 2385 1124 2471 ἐπιχειρήσεως
1132 2409 1141 2462 3
1173 2388 1215 2453 ῶς
1238 2384 1297 2472 οὐχ
1321 2383 1385 2448 οἷόν
1408 2408 1440 2450 τε

322 2481 355 2546 ὃν
381 2482 560 2566 ἐπιδραμεῖν
588 2483 729 2568 ἀηττήτῳ
760 2483 872 2565 σοφίας
899 2483 971 2547 ὅθεν
1001 2481 1174 2567 πεφεύγασι
1196 2485 1440 2567 προσομολογεῖν

321 2579 402 2664 αὐτή
417 2579 561 2663 λογισμόν
581 2602 614 2642 τε
635 2581 687 2643 καὶ
703 2587 825 2663 γνῶσιν,
853 2585 896 2650 ῶς
920 2580 955 2645 ἀν
973 2583 1079 2667 χώραν
1106 2578 1174 2666 ἔχοι
1195 2583 1248 2664 τῆς
1273 2579 1440 2644 ἐπαναστά·

323 2699 403 2744 σειυς
428 2681 483 2758 τῆς
512 2676 591 2740 κατὰ
611 2677 689 2740 θεοῦ
719 2681 753 2743 τδ
781 2679 927 2762 πλάσμα,
955 2679 1007 2742 καὶ
1036 2678 1204 2761 ἐπάναγκες
1233 2679 1291 2742 ὑπὸ
1315 2677 1440 2761 ἀγνοίας
1457 2683 1492 2742 w

322 2773 373 2836 καί
404 2774 566 2856 ἀλογίστου
598 2774 723 2858 φύσειυς
750 2775 913 2859 ἑλκόμενοι
942 2775 998 2840 οὐκ
1024 2776 1179 2847 ἐκδέξεται
1212 2776 1357 2861 ἀπείρους
1389 2776 1440 2840 καί

323 2869 512 2954 ἀπεράντους
535 2872 650 2938 αἰῶνας
671 2871 782 2954 ἑαυτὴν
806 2873 975 2946 όπλίζουσα
996 2873 1047 2936 καὶ
1061 2875 1188 2957 δυνάμει
1199 2873 1440 2957 περιβάλλουσα,

323 2971 366 3034 ῶς
393 2965 538 3048 γενέσθαι
570 2969 646 3051 πρὸς
672 2967 725 3051 τήν
750 2967 866 3052 τόλμαν
895 2969 1145 3056 προχειροτέραν.
1188 2971 1216 3033 εἰ
1242 2968 1299 3054 γὰρ
1326 2970 1364 3052 δή
1389 2967 1441 3034 καί

322 3064 437 3128 πλείων
461 3063 593 3147 ἐγίγνετο
614 3065 660 3133 οἷς
678 3065 797 3149 ἐγέννα,
817 3065 890 3130 ἀλλ’
905 3066 942 3131 ού
956 3091 983 3130 τι
1004 3089 1039 3150 γε
1062 3068 1115 3151 τὴν
1137 3068 1235 3152 ὁρμὴν
1250 3071 1303 3150 τῆς
1316 3066 1441 3152 φύσειυς

321 3159 470 3244 ηὐξάνετο
512 3160 588 3224 οὐδὲ
617 3163 856 3249 προσελάμβανέ
885 3189 912 3228 τι
945 3165 1056 3249 ταύτης
1091 3165 1125 3228 τδ
1163 3165 1289 3251 φυσικόν
1325 3165 1438 3249 κίνημα
1456 3173 1491 3230 25

323 3258 392 3322 οὐδ’
416 3258 452 3322 ἀν
474 3259 600 3329 ἐδέξατο
626 3260 747 3345 πρῶτόν
768 3284 803 3344 γε
826 3261 998 3347 αὐξηθῆναι
1017 3265 1068 3327 καί
1092 3263 1191 3332 ούτιυς
1216 3263 1439 3345 ἀπαναστῆναι·

321 3359 411 3420 τοῦτο
439 3357 496 3440 γάρ
525 3360 648 3442 λογικῆς
676 3357 801 3442 φύσεως
828 3359 977 3444 προθέσει
1005 3359 1266 3445 πονηρευομένης.
1308 3364 1374 3429 πῶς
1404 3361 1440 3424 δὲ

322 3455 374 3518 καί
397 3453 523 3538 αύξησις
546 3461 599 3539 τής
618 3457 726 3526 κακίας
752 3455 865 3538 γένοιτ’
891 3455 926 3520 ἀν
947 3483 966 3543 η
989 3460 1150 3544 προσθήκη
1174 3461 1234 3522 τῶν
1258 3459 1440 3544 προβολῶνγ

322 3553 351 3616 εἰ
369 3553 427 3636 γὰρ
450 3553 496 3622 οίς
518 3558 609 3636 γεννᾷ
630 3555 802 3617 τελειοῦται
822 3554 866 3623 εἰς
888 3556 1006 3635 κακίαν,
1038 3557 1149 3640 ἀτελὴς
1170 3555 1207 3641 ήν
1229 3557 1249 3640 ή
1273 3555 1365 3620 κακία
1389 3556 1440 3620 καὶ

322 3649 381 3712 οὐκ
411 3648 448 3732 ἦν
478 3649 510 3712 ἐν
540 3649 683 3734 ἀκρύτητι
706 3651 831 3720 κακίας·
864 3653 892 3714 εἰ
918 3652 953 3716 δὲ
980 3651 1083 3716 τέλεια
1110 3654 1161 3716 καί
1184 3651 1264 3737 ἄκρα
1287 3652 1364 3716 κατά
1387 3653 1437 3716 τδν
1456 3659 1491 3716 w

323 3744 399 3808 ἴδιον
420 3743 512 3826 λόγον
534 3746 665 3830 ἑκάτερα
681 3747 836 3821 τάναντία,
853 3747 1000 3833 οὐδαμῶς
1020 3749 1206 3820 αὐξάνεσθαι
1218 3749 1300 3820 δόξει
1316 3750 1335 3834 ἡ
1350 3749 1440 3814 κακία

324 3841 376 3904 διά
397 3846 457 3904 τῶν
479 3843 642 3926 προβολῶν
672 3842 747 3906 οὐδὲ
776 3843 1019 3930 θαρσαλεωτέρα
1050 3848 1231 3931 γενήσεται,
1265 3847 1371 3931 λογική
1396 3847 1438 3931 μὴ

322 3937 412 4017 οὐσα,
434 3937 509 4002 οὐδὲ
529 3939 606 4024 πρὸς
628 3939 804 4024 ἐπικουρίαν
829 3941 941 4025 ἑαυτῆς
956 3945 1188 4028 παραλήψεται·
1211 3944 1294 4015 δόξει
1305 3945 1364 4030 γὰρ
1379 3945 1438 4029 πρὸ

322 4042 376 4120 τῆς
397 4038 576 4106 τεκνώσεως
598 4037 709 4121 ἀτελὴς
725 4038 886 4120 γεγονέναι
909 4038 945 4102 οῦ
968 4038 1060 4124 μόνον
1082 4042 1158 4124 πρδς
1176 4043 1284 4106 κακίαν
1304 4043 1440 4126 ήκακία,

324 4135 404 4199 ἀλλά
435 4136 487 4198 καί
520 4135 596 4218 πρδς
629 4134 715 4220 ἰσχύν
742 4136 793 4198 καί
816 4137 936 4222 ῥύμην,
969 4137 1044 4223 ὅπερ
1071 4137 1232 4224 ἀλλότριον
1261 4140 1438 4224 ἀγεννήτου.
1455 4145 1490 4202 δῦ

322 4230 367 4306 10.
407 4235 470 4296 τδνι
482 4232 518 4296 δὲ
539 4231 650 4315 τρόπον
670 4235 725 4316 τῆς
745 4232 983 4304 ἐπαναστάσεως
1003 4236 1222 4320 εἰσηγούμενος
1239 4236 1360 4320 ταύτης,
1382 4261 1438 4322 φη·

323 4330 386 4392 σίν·
415 4329 550 4415 ἤλαυνον
580 4329 631 4394 καί
651 4330 816 4413 κατήσθιον
846 4333 876 4396 οἰ
903 4332 935 4404 ἐξ
958 4332 1052 4416 αὐτῆς
1079 4334 1252 4418 ἀλλήλους,
1283 4333 1369 4398 δεινά
1388 4336 1439 4400 καί

289 4506 292 4511 γ
321 4425 444 4512 χαλεπὰ
468 4425 668 4496 διατιθέντες·
699 4427 749 4490 καί
773 4426 809 4491 ού
831 4429 979 4516 πρότερον
1003 4429 1175 4494 ἐπαύσαντο
1197 4431 1344 4515 ἀλλήλους
1366 4431 1437 4498 ἐπα·

322 4524 505 4608 νιστάμενοι,
536 4522 616 4607 αὐτῇ
637 4523 718 4594 λέξει
739 4525 826 4610 φησί,
855 4525 946 4614 μέχρι
973 4526 1009 4592 οῦ
1033 4527 1067 4590 τδ
1090 4529 1157 4614 φῶς
1178 4525 1238 4614 ὀψέ
1259 4551 1334 4594 ποτε
1357 4529 1437 4620 ἐφύ-
1527 4525 1528 4528 '
