3517 5434
389 740 424 791 λλ
757 736 818 792 Ὅτι
836 733 942 808 ripuaria
962 736 976 790 ὅ
997 739 1064 798 θεὸς
1345 760 1398 810 cap.
1418 741 1442 793 5.

390 895 546 982 φαίνεται
566 894 622 957 καὶ
645 897 680 957 ἐν
701 892 792 969 πᾶσι,
815 896 870 958 καὶ
885 890 1030 976 μάλιστα
1045 885 1094 968 οἷς
1109 887 1151 956 όὶν
1173 887 1273 969 αὐτὸς
1287 894 1444 984 βουληθῇ

390 1005 548 1094 φανῆναι.
582 997 623 1068 σὺ
645 995 713 1081 οὖν,
735 994 762 1067 ὦ
781 997 851 1068 Teia
873 1008 995 1082 τέκνον,
1017 994 1108 1081 εὖξαι
1130 1005 1261 1088 πρῶτον
1284 1005 1330 1086 τῷ
1343 1009 1443 1088 κυρίῳ

389 1116 445 1178 καὶ
467 1117 567 1202 πατρὶ
589 1116 644 1179 καὶ
665 1111 758 1199 μόνῳ
780 1117 836 1179 καὶ
864 1117 913 1180 ἐνὶ
935 1117 990 1179 καὶ
1013 1112 1075 1202 ἀφ’
1096 1103 1135 1178 οὗ
1159 1111 1176 1178 ὁ
1202 1111 1262 1193 εἷς,
1291 1116 1364 1179 ἵλεω
1387 1140 1441 1180 τυ·
1461 1130 1475 1180 3

387 1233 467 1309 χιῖν,
483 1228 539 1288 ἴνα
555 1226 703 1311 δυνηθῇς
717 1221 776 1291 τόν
790 1227 982 1305 τηλικοῦτον
996 1220 1082 1288 θεὸν
1097 1228 1225 1304 νοῆσαι,
1246 1221 1307 1290 κάν
1324 1224 1442 1292 άκτῖνά

392 1333 469 1424 [σοι]
499 1340 581 1421 μίαν
609 1334 712 1402 αὐτοῦ
738 1339 777 1425 τῇ
806 1340 846 1428 σῇ
868 1337 1002 1420 διανοίᾳ
1024 1332 1200 1424 ἐκλάμψαι.
1244 1332 1357 1417 νόησις
1378 1332 1441 1422 γάρ

391 1444 478 1530 μόνη
501 1445 566 1533 ὁρᾷ
587 1442 626 1513 τό
649 1446 784 1536 ἀφανές,
807 1447 850 1524 ὡς
871 1451 928 1514 καὶ
951 1441 1033 1526 αὐτὴ
1056 1442 1189 1535 ἀφανὴς
1213 1437 1314 1512 οὖσα·
1338 1455 1365 1513 εὶ
1387 1445 1476 1514 ‹tat-r

390 1581 508 1636 νασαι,
542 1566 612 1634 τοῖς
645 1561 706 1624 τοῦ
734 1563 794 1625 νοῦ
828 1558 1025 1650 ὀφθαλμοῖς
1060 1553 1259 1646 φανήσεται,
1294 1549 1320 1622 ὦ
1355 1556 1440 1624 Teia·

390 1663 550 1758 ἄφθονος
571 1664 636 1756 γάρ
658 1667 678 1734 ὁ
700 1666 824 1758 κύριος·
848 1671 1003 1758 φαίνεται
1025 1670 1059 1734 δὲ
1082 1663 1138 1734 διά
1159 1665 1283 1746 παντὸς
1305 1673 1364 1735 τοῦ
1385 1666 1440 1736 κό·

390 1801 492 1863 σμον·
525 1777 642 1860 νόησιν
675 1782 803 1865 λαβεῖν,
833 1783 915 1847 ἰδεῖν
943 1783 997 1846 καὶ
1027 1782 1197 1864 λαβέσθαι
1225 1779 1340 1858 αὐτοῖς
1369 1789 1475 1857 rutra

387 1894 481 1978 χερσὶ
503 1888 651 1970 δύνασαι,
673 1896 728 1958 καὶ
750 1888 811 1974 τὴν
826 1889 936 1959 εἰκόνα
952 1894 1012 1958 τοῦ
1027 1895 1112 1958 θεοῦ
1127 1888 1336 1958 θεάσασθαι.
1360 1898 1386 1958 ελ
1408 1894 1443 1958 δὲ

389 1998 496 2068 καὶτὸ
511 2009 547 2068 ἐν
562 2007 617 2069 σοὶ
631 2002 759 2093 ἀφανές
773 2008 843 2070 ἐστι’
858 2025 919 2085 σοι,
934 2007 1002 2081 πῶς
1016 1983 1117 2079 αὐτὸς
1132 2009 1166 2070 ἐν
1182 2007 1293 2087 σαυτῷ
1308 1997 1364 2068 διά
1378 2004 1442 2070 τῶν
1503 2011 1504 2014 ’

346 2127 366 2194 3
390 2112 583 2205 ὀφθαλμῶν
604 2137 658 2181 σοι
679 2113 881 2205 pertinerem
905 2122 932 2181 et
954 2117 988 2181 δὲ
1010 2119 1124 2192 θέλεις
1139 2110 1240 2181 αὐτόν
1255 2119 1343 2194 ἰδεῖν,
1364 2111 1442 2194 νόη-
1463 2133 1494 2182 12

392 2248 453 2289 σον
474 2224 533 2290 τὸν
555 2221 663 2304 ἥλιον,
686 2223 811 2306 νόησον
832 2223 892 2292 τόν
913 2229 972 2306 τῆς
995 2223 1132 2306 σελήνης
1155 2225 1293 2314 δρόμον,
1320 2223 1443 2306 νόησον

391 2441 456 2530 γάρ
478 2449 571 2510 πᾶσα
592 2443 802 2534 περιόρισται
824 2445 962 2533 ἀριθμῷ
984 2449 1040 2512 καὶ
1062 2445 1161 2534 τόπῳ.
1203 2447 1221 2514 ὁ
1246 2443 1339 2528 ἥλιος·
1361 2444 1443 2525 θεὸς
1462 2465 1494 2516 15

391 2561 544 2642 μέγιστος
565 2561 631 2623 τῶν
658 2557 731 2623 κατ’
758 2556 902 2647 οὐρανὸν
924 2561 1030 2637 θεῶν,
1058 2551 1085 2644 ᾧ
1107 2557 1227 2637 πάντες
1250 2559 1390 2625 εἴκουσιν
1412 2564 1443 2626 οἱ

393 2666 542 2756 οὐράνιοι
563 2672 656 2749 θεοί,
685 2669 805 2737 ὡσανεὶ
832 2673 963 2754 βασιλεῖ
989 2672 1045 2736 καὶ
1074 2668 1224 2764 δυνάστῃ.
1269 2674 1325 2738 καὶ
1348 2663 1444 2747 οὗτος

461 2891 487 2942 2.
507 2893 629 2961 φανῆναι]
648 2892 682 2943 sic
701 2893 756 2960 ΑΒ,
776 2902 899 2964 φανεῖσαι
917 2897 972 2950 edd.
1026 2895 1054 2947 3.
1072 2909 1127 2948 ante
1145 2897 1181 2946 rat
1201 2895 1246 2946 AB
1266 2895 1345 2946 Turn.
1362 2893 1442 2945 anss,

462 2979 519 3030 add.
538 2976 587 3046 οὐχ
607 2974 620 3047 Η
662 2983 708 3032 καὶ
726 2975 786 3051 άφὶ]
810 2977 864 3035 ἀλλ’
890 2978 937 3052 ἀφ’
962 2983 1008 3034 ΑΒ
1028 2983 1108 3035 Turn.
1127 2983 1208 3034 Fluaa.
1283 2981 1308 3032 5.
1327 2995 1382 3050 post
1400 3000 1444 3034 σοι

462 3068 485 3116 Α
504 3066 582 3120 Turn.
601 3067 683 3118 Ffuss.
700 3083 813 3136 repetunt
831 3067 889 3122 κάν.
977 3067 1002 3120 8.
1022 3071 1049 3120 δὲ
1068 3089 1117 3119 nm.
1138 3071 1160 3118 Α
1179 3068 1258 3119 Turn.
1278 3069 1358 3120 Fluss.
1377 3069 1442 3119 Patr.

462 3151 488 3204 9.
505 3155 594 3218 λαβεῖν
611 3173 661 3204 om.
681 3153 727 3205 AB
749 3155 816 3208 Patr.
836 3151 850 3224 ΙΙ
888 3157 950 3208 ἰδεῖν
973 3174 1024 3206 om.
1047 3145 1068 3204 Β
1088 3155 1167 3204 Turn.
1258 3153 1300 3204 ll.
1323 3173 1367 3205 σοι
1388 3168 1445 3220 post

461 3243 520 3292 furt
536 3260 586 3292 om.
606 3240 636 3293 B.
692 3241 732 3292 13.
752 3240 810 3309 τῆς]
829 3241 864 3293 aie
883 3241 957 3302 Patr„
975 3260 1026 3291 om.
1045 3239 1126 3290 ceteri.
1170 3238 1209 3289 15.
1229 3237 1295 3296 θεὸς
1313 3259 1363 3288 om.
1376 3238 1441 3288 Patr.

394 3442 481 3495 omnia
499 3451 609 3516 apparet
628 3441 700 3496 etin
719 3438 856 3504 omnibus,
881 3446 909 3491 et
926 3437 1039 3491 maxime
1061 3436 1095 3489 iis
1115 3434 1212 3509 quibus
1231 3432 1348 3489 voluerit
1365 3454 1444 3511 appa-

391 3547 458 3581 rere.
494 3536 525 3581 tu
544 3547 619 3602 ergo,
639 3547 655 3581 σ
675 3524 728 3580 Tat
745 3523 799 3589 fili,
817 3542 928 3598 precare
946 3522 1022 3597 prius
1041 3518 1149 3575 domino
1169 3529 1196 3574 et
1213 3521 1284 3595 patri
1302 3528 1329 3573 et
1347 3519 1398 3574 soli
1417 3529 1444 3575 et

392 3615 445 3679 uni,
464 3623 491 3668 et
509 3635 524 3668 a
542 3634 595 3689 quo
615 3631 692 3676 nnus,
711 3609 845 3684 propitius
864 3607 977 3674 attriti,
996 3615 1026 3660 ut
1044 3608 1137 3683 possis
1154 3605 1234 3661 tafem
1252 3605 1331 3662 deum
1346 3606 1444 3662 intelli·

391 3720 467 3774 gere,
491 3703 514 3755 si
532 3698 576 3754 vel
598 3716 666 3752 unus
690 3693 819 3750 duntaxat
840 3691 913 3750 illius
937 3691 1027 3748 radius
1046 3695 1129 3748 menti
1147 3702 1207 3748 tuae
1226 3692 1371 3749 refulserit.
1406 3695 1443 3748 in-

391 3785 539 3857 telligentia
558 3785 629 3838 enim
646 3779 704 3836 rofa
724 3781 810 3834 cernit
826 3779 1046 3847 immanifestum,
1070 3781 1129 3855 quia
1149 3789 1176 3834 et
1193 3781 1250 3858 ipsa
1268 3781 1444 3836 immanifesta

392 3880 447 3936 est;
469 3871 493 3923 si
518 3877 609 3944 potes,
631 3866 729 3920 mentis
751 3865 837 3922 oculis
859 3867 1014 3944 apparebit,
1036 3886 1052 3921 ο
1071 3865 1135 3938 Tat;
1157 3877 1230 3922 earet
1251 3869 1321 3923 enirn
1343 3865 1444 3922 invidia

393 3956 531 4021 dominus3
550 3962 661 4030 apparet
678 3962 766 4008 autem
783 3973 949 4029 peromnem
961 3952 1099 4020 mundum3
1117 3953 1319 4028 intelligentiam
1331 3971 1444 4017 sumere,

393 4041 485 4096 videre
503 4049 531 4094 et
548 4039 715 4116 prehendere
733 4050 811 4117 potes
830 4041 899 4116 ipsis
917 4040 1047 4107 manibus,
1066 4049 1093 4096 et
1105 4041 1244 4113 imaginem
1257 4037 1301 4093 dei
1313 4049 1444 4115 spectare.

394 4129 418 4182 si
436 4147 501 4181 vero
520 4126 592 4201 quod
609 4128 638 4182 in
656 4136 682 4180 te
699 4127 904 4183 immanifestum
924 4127 1041 4192 esttibi,
1059 4125 1194 4201 quomodo
1213 4127 1272 4200 ips'e
1290 4126 1318 4178 in
1336 4143 1366 4178 se
1384 4126 1444 4198 ipso

392 4234 443 4291 per
461 4212 554 4270 oculos
571 4212 622 4268 tibi
640 4213 796 4289 apparebit?
818 4213 842 4266 si
862 4231 926 4266 vero
950 4214 1038 4288 ipsum
1057 4214 1099 4267 vis
1117 4210 1223 4277 videre,
1247 4211 1332 4284 cogita
1351 4209 1444 4274 solem,

393 4303 480 4376 rogita
498 4299 576 4355 lunae
595 4319 710 4363 rursum,
730 4301 819 4373 cogita
831 4308 964 4354 astrorum
976 4299 1111 4365 ordinem3
1130 4300 1190 4373 quir
1210 4305 1252 4351 est
1270 4295 1372 4350 ordinis
1391 4315 1445 4350 ser-

393 4388 487 4444 vator?
509 4387 577 4444 ordo
600 4389 672 4442 enim
694 4387 781 4440 omnis
803 4387 961 4442 terminatur
977 4405 1088 4440 numero
1107 4395 1134 4440 et
1151 4382 1220 4438 loen.
1256 4380 1307 4438 sol.
1317 4383 1445 4437 maximus

396 4475 462 4533 deus
481 4485 633 4532 astrorum
651 4475 699 4549 qni
717 4473 745 4528 in
764 4471 838 4528 caelo
857 4482 921 4529 sunt
938 4471 1061 4541 deorum,
1085 4473 1128 4528 eui
1152 4490 1244 4526 umnes
1268 4468 1367 4526 cedunt
1389 4487 1446 4523 cae·
1484 4512 1485 4516 ,
