3517 5434
861 659 904 720 ⁸5

324 823 429 909 ήγνόει
450 827 470 907 ή
491 826 622 910 πονηρία
642 825 713 889 ἀλλ’
731 824 820 911 ήδιι,
851 828 902 889 καὶ
923 824 1012 894 οὕτος
1033 826 1312 912 μὲνέβουλεύετο,
1338 829 1438 914 ἐκείνη

326 924 361 985 δέ
381 921 467 1007 ήδει,
497 929 563 990 πῶς
585 923 623 985 ού
648 923 727 1006 μέγα
748 924 878 1008 μέγεθος
904 924 1024 988 διδόασι
1044 930 1085 1009 τῇ
1103 927 1250 1010 πονηρίᾳ,
1283 927 1438 1012 δυναμένῃ

326 1022 405 1105 μηδὲ
434 1022 487 1104 τὴν
517 1021 632 1104 βουλὴν
657 1026 712 1084 τοῦ
738 1023 815 1086 θεοῦ
838 1021 1019 1107 ἀπόκρυφον
1043 1021 1142 1108 ἔχεινς
1171 1027 1237 1090 πῶς
1257 1023 1292 1086 δὲ
1315 1022 1351 1086 οδ
1376 1025 1438 1086 διαι
1469 1035 1474 1042 ’

325 1120 473 1204 βάλλουσι
500 1119 550 1180 τὸν
578 1118 652 1182 θεὸν
677 1121 718 1204 μὴ
744 1122 912 1204 δυνάμενον
937 1121 1012 1204 μήτε
1035 1121 1182 1205 πονηρίαν
1203 1120 1359 1204 κρύπτεινγ
1390 1123 1440 1184 καὶ

322 1219 461 1299 γελῶμεν
483 1216 537 1299 μὲν
557 1217 630 1285 τοὺς
648 1218 771 1304 ἄνδρας,
792 1219 844 1282 ὅτε
861 1241 888 1280 τι
908 1220 1089 1302 πράττοντες
1105 1217 1182 1281 κατὰ
1196 1221 1255 1279 τῶν
1269 1218 1437 1302 πολεμίων,
1455 1225 1472 1278 ύ

325 1312 504 1398 εὐφώρατον
527 1320 650 1378 ποιοῦσι
671 1316 705 1378 τδ
729 1315 862 1399 σκέμμα,
883 1321 1021 1378 τοιοῦτον
1045 1317 1079 1379 δέ
1093 1314 1257 1382 πλέκοντες
1272 1314 1362 1397 λόγον
1381 1314 1440 1400 οὐχ

325 1411 437 1493 όρῶσιν
468 1410 514 1473 ότι
539 1411 654 1494 χλεύην
677 1413 755 1476 κατὰ
776 1418 830 1476 τοῦ
852 1415 930 1476 θεοῦ
951 1415 1168 1489 σκευάζουσιν,
1197 1411 1242 1474 ότι
1265 1415 1438 1494 στρατηγῶν

324 1506 401 1568 κατὰ
420 1511 474 1590 τῆς
491 1508 640 1591 πονηρίας
662 1510 677 1572 ό
699 1509 774 1578 θεὸς
792 1509 829 1573 τά
851 1509 1013 1594 στέμματα
1034 1509 1071 1573 τὰ
1093 1509 1156 1574 ἴδια
1176 1511 1279 1594 ἀφανῆ
1302 1507 1337 1570 οῦ
1356 1508 1439 1590 τετή-

324 1626 426 1687 ρηκεν,
444 1598 521 1668 ’ἀλλ’
543 1603 626 1689 εἶχεν
650 1605 731 1679 αύτά1
750 1608 919 1693 εύφῶρατα
941 1612 980 1691 ιγῙ
1002 1609 1134 1693 πονηρίᾳ
1155 1605 1309 1690 γινόμενα.
1354 1603 1381 1666 εἰ
1405 1603 1439 1666 δὲ

323 1703 374 1764 καί
396 1703 428 1764 αἱ
450 1702 534 1766 θεῖαι
554 1702 698 1785 δυνάμεις
716 1705 767 1766 καὶ
787 1705 944 1786 ἀγγελικαὶ
966 1705 1002 1768 οὐ
1026 1706 1168 1768 δύνανται
1190 1707 1299 1786 νοήσαι
1319 1703 1349 1764 τί
1369 1703 1436 1786 βου·
1457 1712 1490 1764 10

303 1798 446 1877 ,λεύεται
475 1800 491 1862 ό
520 1800 638 1883 πατήρ,
673 1799 768 1883 μόνου
800 1807 945 1870 νοοῦντος
975 1803 1025 1866 καὶ
1052 1800 1259 1886 ἐξηγουμένου
1286 1803 1340 1861 τοῦ
1370 1799 1439 1860 υἱοῦ

291 1922 296 1930 ·
323 1896 432 1976 (,,θεδν
455 1896 558 1964 οὐδεὶς
581 1897 702 1980 ἑόρακε
721 1901 861 1975 πώποτε,
893 1901 908 1963 ό
934 1901 1101 1984 μονογενὴς
1126 1901 1191 1966 υίδς
1216 1899 1232 1960 ό
1257 1897 1299 1959 ῶν
1324 1895 1368 1962 είς
1388 1895 1439 1956 τὸν
1519 1945 1521 1950 ,

322 1992 437 2056 κόλπον
460 1998 514 2056 τοῦ
535 1994 660 2078 πατρός,
686 1994 803 2065 ἐκεῖνος
825 1997 1043 2082 ἐξηγήσατο“),
1067 2001 1133 2064 πῶς
1155 1997 1186 2058 αἱ
1207 1995 1337 2077 πονηραὶ
1352 1993 1439 2056 δυνά-

325 2113 389 2174 μεις
409 2089 539 2175 ήδεισαν
561 2090 599 2154 τά
623 2091 655 2154 ἐν
673 2091 719 2178 τῷ
737 2093 820 2179 θεῷ,
855 2094 930 2158 οὐδὲ
953 2099 1013 2158 τῶν
1034 2095 1128 2158 θείων
1152 2093 1313 2176 δυνάμεων
1343 2081 1440 2152 ταῦτα

324 2188 503 2272 δυναμένων
531 2190 661 2269 εἰδέναι,
691 2192 719 2254 εί
749 2192 791 2274 μή
820 2194 990 2276 παράδοσις
1019 2192 1210 2276 μαθημάτων
1242 2189 1276 2252 ἐκ
1303 2192 1357 2272 τῆς
1383 2191 1438 2252 τοῦ
1457 2199 1490 2252 15

324 2292 509 2369 μονογενοῦς
535 2287 710 2372 ἐξηγήσεως
729 2288 914 2373 παραδοθής
947 2289 993 2353 ότι
1015 2291 1050 2354 δὲ
1073 2287 1164 2356 αύτδς
1187 2288 1203 2350 ό
1227 2286 1321 2372 νόμοις
1341 2287 1440 2349 πάντα

323 2385 360 2448 τὰ
381 2389 436 2468 τῆς
454 2385 589 2468 ἀφίξεως
611 2385 707 2449 αὐτοῦ
727 2387 894 2470 προλαβὼν
918 2389 1065 2472 διηγεῖται
1087 2383 1388 2469 (,ίδοδὴπαρθε’νος
1407 2382 1439 2445 ἐν

322 2484 428 2569 γαστρὶ
457 2483 518 2553 ἕξει
539 2485 590 2547 καὶ
612 2481 729 2552 τέξεται
751 2482 870 2565 υίόν“),
905 2485 1008 2570 ἕτερος
1035 2485 1069 2547 δὲ
1093 2485 1253 2568 προφήτης
1274 2483 1325 2545 τδν
1346 2480 1438 2544 τόπον

324 2581 380 2644 ούκ
401 2582 508 2663 ἀγνοεῖ
526 2582 613 2670 (,,καὶ
635 2579 684 2656 σύ,
704 2578 864 2664 Βηθλεέμ,
889 2586 925 2665 γή
936 2581 1051 2658 Ἰούδα,
1075 2581 1222 2664 ούδαμῶς
1245 2580 1389 2664 ἐλαχίστη
1413 2578 1443 2642 εί

325 2679 356 2742 ἐν
377 2683 441 2746 τοῖς
460 2677 605 2762 ἡγεμόσιν
622 2676 772 2758 Ἰούδα“),
792 2679 896 2762 ἕτερος
908 2681 958 2741 καὶ
970 2680 1021 2742 τὸν
1037 2679 1109 2763 όρον
1126 2682 1179 2760 τῆς
1192 2677 1309 2744 θέσεως
1322 2673 1437 2757 (,,ἔγνω
1456 2685 1491 2738 ῦῦ

325 2779 399 2862 βοῦς
425 2778 477 2838 τδν
500 2775 689 2858 κτησάμενον
712 2776 763 2837 καὶ
786 2775 857 2844 ὄνος
876 2777 929 2859 τὴν
954 2779 1068 2861 φάτνην
1090 2779 1143 2838 τοῦ
1167 2773 1272 2858 κυρίου
1298 2772 1439 2852 αύτοῦ“),

325 2874 429 2957 ἕτερος
455 2873 489 2935 δὲ
514 2872 565 2934 καλ
593 2876 646 2952 τὴν
677 2872 721 2939 είς
746 2871 896 2955 Αἴγυπτον
928 2874 1025 2956 φυγήν
1058 2873 1109 2934 καὶ
1131 2871 1184 2953 τὴν
1209 2870 1262 2932 ἀπ’
1285 2869 1439 2952 Αἰγύπτου

325 2971 476 3034 ἐπάνοδον
500 2968 567 3050 (,,ἐξ
586 2969 738 3051 Αίγύπτου
754 2969 889 3032 ἐκάλεσα
901 2971 951 3032 τὸν
969 2967 1033 3032 υἱόν
1049 2974 1155 3053 μου“),
1176 2967 1269 3036 ἀλλος
1287 2968 1339 3051 τὴν
1359 2966 1440 3052 οίκη-

325 3091 370 3130 σιν
392 3069 446 3151 τὴν
468 3068 499 3130 ἐν
521 3071 560 3152 τῇ
582 3064 638 3150 νέα
658 3067 762 3151 ήλικίηι
787 3066 872 3151 αύτηῖ
894 3066 1074 3150 γενηθεῖσαν
1098 3069 1171 3150 (,,γή
1195 3062 1377 3149 Ζαβουλιύν,
1401 3068 1439 3147 γῆ
1543 3139 1550 3149 Ι

273 3198 275 3201 ’
324 3164 553 3251 Νεφ[θ]αλείμ,
586 3165 658 3227 όδδν
680 3165 856 3248 θαλάσσης,
879 3163 975 3248 πέραν
999 3167 1053 3226 τοῦ
1074 3161 1248 3246 Ἰορδάνου·
1285 3162 1491 3230 όλαδςόῦύ

323 3266 499 3349 καθήμενος
519 3263 551 3325 ἐν
575 3261 678 3324 σκότει
696 3265 763 3344 φῶς
783 3261 846 3324 εἶδε
868 3259 993 3344 μέγα“),
1016 3260 1120 3344 ἕτερος
1139 3259 1173 3322 δὲ
1186 3259 1298 3322 καὶτὸν
1311 3258 1439 3343 πρόδρο-

324 3386 381 3448 μον
396 3363 452 3426 ούκ
463 3363 571 3444 ἀγνοεῖ
580 3360 707 3445 (,,φωνὴ
722 3360 856 3444 βοῶντος
869 3360 901 3422 ἐν
914 3365 953 3443 τῇ
966 3354 1284 3444 ἐρήμῳἙτοιμάσατε
1299 3356 1352 3438 τήν
1367 3356 1440 3420 όδδν

323 3464 376 3523 τοῦ
405 3460 529 3543 κυρίου,
559 3458 683 3525 εὐθείας
710 3461 825 3520 ποιεῖτε
847 3457 900 3527 τὰς
920 3457 1041 3544 τρίβους
1063 3455 1211 3536 αύτοῦ“)·
1241 3455 1292 3518 καὶ
1312 3453 1393 3523 ὅλως
1414 3455 1441 3516 εί

325 3556 493 3643 βουληθείη
524 3577 567 3624 τις
591 3554 817 3638 ἀναλεγόμενος
839 3556 893 3626 τὰς
914 3555 948 3618 ἐκ
966 3557 1021 3616 τοῦ
1040 3551 1136 3636 νόμου
1155 3552 1346 3637 προφητείας
1368 3551 1439 3615 όλον

323 3652 558 3736 ὼὼγγέλιον
571 3653 737 3729 συνθεῖναι,
757 3654 795 3716 τά
813 3655 875 3718 ὧδε
894 3649 1093 3736 πεπραγμένα
1114 3650 1228 3734 βήμασι
1240 3653 1441 3733 προφητικοῖς
1457 3660 1492 3716 30

326 3751 522 3835 συγγράφων,
551 3750 721 3834 φανήσεται
752 3751 928 3835 φιλομαθής
950 3771 993 3817 τις
1014 3749 1064 3811 καὶ
1089 3748 1268 3831 φιλόλογος,
1303 3745 1344 3830 μὴ
1369 3745 1441 3832 δίχα

323 3847 497 3931 πνεύματος
521 3846 724 3931 ἐξηγούμενος
750 3847 945 3930 παιδεύματα
969 3845 1081 3922 αὐτοῦ,
1114 3843 1440 3956 διδασκάῶαςῖαύτοῦ,
1524 3849 1534 3902 l
1576 3833 1593 3900 ’ί

325 3947 479 4032 βάπτισμα
503 3945 616 4021 αὐτοῦ,
646 3944 782 4028 σημείων
804 3942 1004 4021 ἐπιτελέσεις,
1034 3944 1068 4006 τδ
1090 3943 1215 4024 γεγονὸς
1243 3941 1353 4026 κρίμα,
1386 3941 1440 4024 τὴν

324 4045 492 4128 προδοσίαν
511 4049 566 4107 τοῦ
584 4041 700 4119 Ἰούδα,
718 4043 771 4125 τὴν
792 4041 841 4106 ἐπὶ
861 4044 914 4104 τοῦ
940 4041 1036 4123 ίκρίου
1057 4040 1245 4123 οἰκονομίαν,
1269 4039 1321 4121 τὴν
1342 4038 1440 4123 χολήν

324 4143 374 4205 καὶ
396 4143 430 4204 τδ
453 4141 522 4211 ὄξος
543 4143 578 4204 τό
605 4141 636 4204 ἐν
661 4141 734 4225 δίψη
760 4138 927 4224 δεδομένον
952 4137 1048 4222 αὐτῷ,
1071 4138 1124 4221 τὴν
1147 4138 1246 4222 ταφὴν
1272 4135 1365 4218 αὐτὴν
1389 4135 1440 4198 καὶ
1458 4147 1492 4202 35

324 4241 358 4303 τὸ
381 4243 540 4323 μνημεῖον,
560 4239 613 4322 τὴν
636 4238 812 4322 οίκονομίαν
833 4237 887 4320 τήν
910 4235 940 4298 ἐν
963 4239 1008 4320 τηῦ
1028 4229 1101 4320 ήδη,
1123 4236 1177 4319 τὴν
1199 4233 1317 4322 ἔγερσιν
1336 4231 1441 4315 αὐτήν,
1521 4250 1564 4276 '-

324 4337 359 4398 τδ
381 4337 557 4398 τελευταῖον
574 4323 704 4419 ῐᾶἶῖήν
724 4324 888 4420 ἀνάληψιν.
931 4331 1000 4395 τότε
1019 4331 1076 4416 γὰρ
1096 4332 1203 4394 λοιπδν
1221 4331 1275 4394 Ικαί
1297 4330 1442 4414 βοήσεται

328 4433 441 4517 ,ἀρατε
461 4432 571 4512 πύλας,
597 4434 627 4495 οἱ
648 4431 795 4518 ἀρχοντες
814 4432 912 4514 ὑμῶν,
935 4431 985 4494 καὶ
1007 4428 1173 4512 ἐπάρθητε,
1195 4425 1290 4512 πύλαι
1312 4426 1442 4507 αίόινιοι,

325 4532 383 4594 καὶ·
399 4528 608 4594 εἰσελεύσεται
630 4529 647 4592 ό
671 4527 814 4614 βασιλεῦς
836 4530 890 4612 τῆς
913 4525 1033 4612 δόξης“.
1067 4523 1136 4590 τότε
1158 4527 1248 4588 τοῦτο
1271 4524 1443 4610 προσθήσει
