3517 5434
135 935 168 1128 k’NW‘

135 1421 165 1462 A
136 1289 165 1402 23⁵³*
135 1155 169 1270 7⁸⁸2.

135 1526 161 1555 :a

163 1519 173 1549 —d

315 1649 462 1754 Librum
490 1714 579 1771 quem
609 1713 699 1752 manu
725 1701 813 1751 tenes
840 1691 879 1750 iis
909 1689 1074 1766 destinavi,
1106 1693 1157 1768 qui
1180 1691 1218 1750 de
1239 1693 1435 1771 interpretum

319 1795 505 1872 syriacorum
524 1802 588 1851 arte
609 1798 790 1869 quaerentes
809 1789 955 1848 librorum
971 1810 1149 1868 graecorum
1166 1791 1323 1850 versiones
1340 1791 1434 1867 syria·

318 1913 370 1952 cas
396 1913 415 1950 a
438 1912 486 1949 me
514 1891 628 1969 publici
657 1891 732 1948 iuris
761 1890 860 1946 factas
889 1907 956 1946 cum
986 1889 1086 1948 verbis
1113 1889 1231 1966 graecis
1259 1907 1435 1965 comparare

317 1992 437 2064 volent,
465 1991 563 2067 quod,
591 1990 618 2049 si
641 1989 824 2048 editionibus
847 1987 910 2045 Titi
933 1985 1074 2066 Gregorii
1096 1987 1166 2046 Iulii
1188 1987 1285 2044 adhuc
1306 1986 1436 2062 vulgatis

317 2090 460 2148 utendum
474 2097 568 2160 esset,
587 2108 649 2146 non
661 2088 726 2146 ficri
739 2087 799 2145 nisi
817 2087 916 2146 minus
934 2087 1093 2146 commode
1108 2105 1204 2164 posse
1219 2085 1435 2163 intelligebam.

317 2209 388 2246 num
409 2208 480 2246 cura
501 2207 570 2245 mea
588 2186 820 2264 interpungendi
838 2194 868 2243 et
887 2185 1025 2244 modeste
1045 2185 1217 2263 corrigendi
1237 2183 1435 2260 scriptoribus

316 2287 393 2364 ipsis
422 2287 589 2364 profuerit,
619 2305 723 2345 eorum
754 2285 898 2342 iudicium
928 2292 995 2342 esto
1025 2285 1076 2362 qui
1105 2284 1183 2340 hanc
1206 2303 1305 2342 meam
1328 2281 1435 2342 editio·

316 2406 386 2444 nem
415 2405 482 2444 cum
504 2385 652 2464 Basuagii
679 2385 757 2444 libro
787 2383 978 2442 contulerint.
1027 2383 1237 2461 apographum
1263 2383 1325 2442 Titi
1352 2383 1435 2440 ham·

315 2487 466 2562 burgense
494 2505 533 2543 ex
564 2485 671 2544 eodem
701 2482 806 2541 codice
832 2482 973 2540 vaticano
1003 2483 1189 2556 confectum,
1222 2502 1281 2560 quo
1313 2481 1435 2540 Turria·

316 2604 372 2643 nus
402 2603 477 2642 usus
502 2584 617 2658 fuerat,
646 2581 796 2642 benevole
825 2581 899 2638 mihi
924 2582 1106 2658 permissum
1129 2582 1290 2658 usurpavi,
1323 2599 1383 2657 qua
1403 2599 1436 2637 re

317 2680 456 2742 effectum
488 2691 535 2742 est
564 2691 598 2740 ut
627 2702 684 2740 nec
711 2680 900 2757 Basnagium
933 2699 989 2738 nec
1019 2681 1200 2738 Turrianum
1230 2681 1436 2740 necessarium

318 2787 400 2837 esset
421 2781 516 2852 adire,
538 2780 590 2855 qui
612 2798 690 2856 quae
711 2785 912 2855 peccaverunt
936 2778 996 2836 sibi
1016 2786 1229 2855 peccaverunt,
1252 2800 1315 2838 non
1337 2779 1436 2837 nobis.

318 2877 373 2935 sed
393 2878 500 2953 procul
518 2877 610 2935 dubio
630 2877 662 2934 iu
681 2876 786 2935 codice
804 2876 970 2952 archetypo
992 2877 1178 2936 diversorum
1198 2877 1331 2936 virorum
1354 2897 1435 2936 com-

317 2975 521 3033 mentationes
549 2974 809 3052 autimanichaeas
841 2973 1015 3032 continente
1046 2976 1189 3033 continua
1219 2975 1337 3051 aliquot
1362 2976 1437 3034 folia

317 3075 438 3131 turbata
458 3082 488 3130 et
506 3073 575 3132 loco
596 3093 659 3132 non
681 3092 737 3132 suo
761 3092 780 3129 a
799 3071 975 3150 bibliopego
996 3073 1111 3130 inserta
1131 3079 1217 3144 sunt;
1241 3072 1323 3150 quod
1345 3092 1435 3149 quum

317 3173 429 3230 factum
460 3192 521 3231 non
551 3172 786 3249 perspexissent
813 3170 928 3229 librarii
957 3178 1094 3244 veteres,
1130 3171 1232 3229 omnia
1262 3192 1298 3230 eo
1331 3171 1436 3230 ordina

318 3271 545 3348 descripserunt
565 3291 625 3347 quo
647 3289 703 3329 suo
721 3278 860 3348 tempore
881 3271 912 3328 in
932 3270 1036 3330 codice
1057 3270 1253 3328 habebantur.
1287 3288 1323 3326 ea
1336 3269 1436 3346 igitur,

317 3389 395 3446 quae
422 3370 452 3426 in
481 3369 681 3446 appendicem
706 3368 851 3447 relegavi,
880 3367 1022 3446 leguntur
1043 3367 1075 3426 in
1095 3369 1199 3428 codice
1221 3369 1437 3446 hamburgensi

317 3468 362 3544 (et
382 3469 536 3546 vaticano)
558 3476 631 3545 post
650 3487 757 3527 vocem
782 3465 897 3532 αἰῶνας
917 3467 1031 3546 pagina
1053 3467 1195 3526 editionis
1219 3469 1307 3527 huius
1335 3469 1388 3542 11,
1418 3469 1435 3526 4

317 3569 398 3643 (cod.
421 3568 521 3625 hamb.
551 3587 582 3644 p.
603 3565 771 3644 42-99),
801 3585 840 3623 ne
867 3565 993 3624 minima
1019 3567 1139 3644 quidem
1168 3567 1363 3626 distinctione
1389 3566 1435 3624 in·

317 3665 481 3739 terposita,
512 3684 591 3742 quae
613 3665 676 3724 Titi
697 3686 759 3724 non
781 3683 867 3737 esse,
893 3684 984 3742 quum
1005 3666 1168 3725 nemodum
1190 3666 1333 3738 vidisset,
1357 3684 1437 3724 nunc

318 3777 426 3820 omncs
447 3762 655 3823 intellecturos
677 3782 748 3822 esse
768 3763 869 3821 credo.

400 3860 611 3937 ¹argumentum
641 3861 752 3939 integri
780 3860 883 3937 operis
910 3860 1010 3918 titiani
1037 3862 1069 3920 in
1093 3861 1197 3921 codice
1222 3862 1436 3938 hamburgensi

318 3958 376 4016 hoc
399 3967 459 4018 est:
489 3952 529 4019 ‘0
553 3959 675 4040 πρῶτος
695 3954 834 4039 περιέχει
858 3953 948 4036 λόγος
969 3954 1097 4041 ἔλεγχον
1115 3959 1165 4019 καὶ
1184 3957 1355 4040 ἀνασκεοὴν
1375 3963 1435 4020 τῶν

319 4054 449 4136 μάλιστα
470 4052 649 4138 κεφαλαίων
673 4058 727 4116 τοῦ
752 4051 904 4136 δόγματος
917 4058 982 4125 Ιτῶν
1003 4051 1185 4138 Μανιχαίιιιν
1207 4059 1249 4124 ὡς
1267 4054 1437 4138 ἀλλοτρίως

317 4151 413 4234 πάντη
445 4152 523 4235 πρὸς
550 4149 603 4218 τὰς
632 4151 709 4214 κατὰ
737 4149 827 4236 φύσιν
859 4150 962 4219 κοινὰς
985 4151 1103 4220 ἐννοίας
1125 4152 1269 4237 ἐχόντων.
1305 4147 1344 4215 ‘O
1369 4153 1435 4214 bst-

319 4270 405 4331 τερος
431 4249 643 4312 ἀποδείκνυσιν
671 4252 713 4318 ὡς
739 4249 796 4311 οὐκ
824 4249 858 4311 ἐκ
881 4251 961 4316 τινὸς
981 4254 1034 4332 τῆς
1055 4272 1090 4332 γε
1115 4249 1156 4333 μὴ
1181 4249 1275 4332 οὔσης
1298 4250 1440 4334 ἀνάρχοο,

318 4346 425 4413 κακίας
453 4347 505 4408 καὶ
535 4346 672 4415 ἐναντίας
700 4353 745 4432 τῷ
774 4348 840 4432 θεῷ
872 4347 970 4432 ἀρχῆς
999 4345 1163 4431 ἄνθρωπος
1187 4348 1366 4433 πλημμελεῖ
1385 4347 1435 4411 καὶ

320 4445 362 4510 ὡς
384 4443 476 4505 οὐδὲν
499 4443 566 4506 κατ>
592 4444 698 4508 οὐσίαν
720 4445 751 4507 ἐν
773 4448 836 4513 τοῖς
860 4443 929 4507 οὖσι
950 4446 1042 4508 κακὸν
1066 4443 1136 4506 οὔτε
1157 4443 1214 4526 μην
1235 4465 1278 4512 τις
1295 4443 1436 4528 ἀνισότης

320 4541 351 4604 ἐν
382 4546 446 4609 τοῖς
474 4541 547 4604 καθ’
579 4543 661 4626 ἡμᾶς
691 4543 754 4605 ἐστι
781 4544 832 4605 καὶ
860 4546 903 4610 ὥς
930 4543 1026 4626 μάτην
1048 4541 1099 4603 καὶ
1123 4539 1189 4603 λίαν
1213 4540 1336 4627 ἀσεβῶς
1355 4542 1434 4608 κακί·
