3517 5434
211 721 220 732 .
336 649 472 708 ιιι-ι.
876 639 918 702 ιι

337 805 416 869 νίντι
434 803 513 885 (ἔστι
537 805 572 868 δὲ
592 805 803 888 πάμπολ[λ]α)
817 804 911 889 λόγου
927 807 1079 890 μηδαμῶς
1101 807 1296 880 ἀξιώσαντες,
1312 807 1373 892 ήδη
1393 833 1455 874 πει·

302 938 305 943 >
338 901 500 988 ρασόμεδα
533 902 631 972 δεῖξαι
658 907 702 971 ὡς
732 904 825 967 κακία
854 903 910 987 μὲν
939 902 1080 987 οὐδαμοῦ
1100 902 1167 968 κατ’
1191 903 1298 968 οίνσίαν
1325 906 1456 992 ὑπάρχει

338 1000 410 1064 οὔδ’
442 1000 517 1083 όλης
544 999 626 1084 άρχή
656 1021 700 1069 τις
729 999 864 1086 ἄναρχος
891 999 1098 1064 ἀντιτέτακται
1124 1000 1208 1086 δειγῖ,
1238 1002 1293 1084 μία
1316 1002 1352 1064 δδ
1374 1003 1455 1088 ἀρχή

336 1102 397 1160 τῶν
421 1097 503 1161 όλων
532 1098 583 1159 καὶ
607 1097 652 1166 είς
677 1097 752 1166 δεδς
780 1098 856 1162 ότδ
876 1100 976 1162 πάντα
1002 1098 1230 1181 δημιουργήσας
1250 1099 1332 1162 καλά
1353 1101 1456 1163 τεκαὶ

303 1197 392 1276 ότῖγς
419 1193 514 1256 αὐτοῦ
541 1193 653 1278 σοφίας
673 1194 753 1265 ἄξια.
784 1195 913 1281 καὶγὰρ
937 1196 975 1278 δὴ
998 1193 1027 1256 οἱ
1051 1193 1083 1264 ἐξ
1106 1193 1223 1258 ἐκείνου
1245 1194 1369 1258 ἐπειδὰν
1386 1197 1456 1280 περὶ

332 1297 393 1354 τῶν
405 1291 582 1354 α’σοπάτων
597 1292 702 1377 α’ρχῶν
724 1292 755 1355 ἐν
778 1293 862 1379 λόγῳ
878 1290 1146 1377 διελε[γ]χδῶσιν,
1167 1290 1216 1356 ἐπὶ
1230 1291 1341 1375 ταύτην
1362 1293 1454 1356 κατά·

336 1409 441 1471 γονται
461 1388 516 1471 τὴν
539 1387 728 1474 ἐπαπόρησιν
749 1395 793 1460 ὡς
809 1387 1048 1453 δυσαπόδεικτον
1061 1389 1112 1452 καὶ
1126 1388 1244 1456 πολλός
1255 1387 1455 1474 παρέχουσαν

337 1482 435 1570 λαβδς
456 1484 534 1547 κατὰ
558 1491 613 1550 τοῦ
646 1485 999 1573 προ[σ]διαλεγομένου,
1023 1486 1191 1570 φάσκοντες
1215 1483 1316 1550 Πόδεν
1339 1482 1392 1549 οὖν
1414 1485 1453 1550 τδ

337 1582 434 1658 κακάς
496 1577 527 1653 δ.
570 1585 673 1669 φαμδν
703 1586 742 1669 δὴ
768 1575 954 1669 θαρσαλέως
981 1583 1071 1666 ἡμεῖς
1102 1585 1145 1650 ὡς
1175 1581 1243 1650 ίνδς
1267 1581 1354 1652 ὄντος
1376 1583 1454 1648 θεοῦ

287 1687 321 1742 10
338 1684 393 1743 τοῦ
412 1681 510 1744 πάντα
531 1679 814 1766 δημιουργήσαντος
832 1682 924 1746 οὐδὲν
946 1681 999 1764 μὲν
1026 1681 1093 1744 κατ’
1118 1679 1225 1743 οδσίαν
1247 1679 1362 1748 ἐντοῖς
1386 1677 1456 1744 οὖσι

337 1777 442 1855 κακόν,
455 1779 554 1841 πάντα
574 1777 610 1840 δὲ
624 1779 705 1842 καλὰ
717 1780 785 1843 λίαν
799 1779 849 1842 καὶ
866 1775 1026 1863 διαφόρως
1042 1776 1123 1840 καλό
1145 1777 1196 1840 καὶ
1215 1778 1292 1862 πρὸς
1316 1777 1456 1857 πορκιλας

336 1877 463 1961 χρήσεις
473 1875 753 1961 κατεσκευασμένα,
776 1877 828 1939 καὶ
848 1881 908 1938 τῶν
934 1872 1144 1958 γεγενημένων
1167 1873 1257 1938 οὐδὲν
1272 1873 1344 1941 ἄνευ
1360 1873 1454 1956 λόγου

336 1972 512 2055 γεγένηται,
544 1972 615 2035 ἀλλ’
639 1973 766 2038 ἕκαστον
796 1980 856 2036 τῶν
879 1971 995 2046 ὄντων,
1024 1975 1137 2055 μικρῶν
1166 1991 1198 2032 τε
1226 1971 1277 2034 καί
1301 1972 1454 2056 μεγάλων,

338 2071 370 2134 ὲν
383 2068 487 2154 ἑαυτῷ
508 2068 575 2154 ἔχει
595 2074 650 2133 τοῦ
674 2070 751 2134 εῖναι
771 2072 822 2134 τόν
838 2069 941 2152 λόγον,
961 2076 1021 2134 τῶν
1040 2091 1072 2131 τε
1096 2069 1127 2132 ἐν
1152 2067 1276 2153 οὐρανῷ
1298 2070 1349 2132 καὶ
1368 2068 1399 2130 ὲν
1414 2089 1451 2153 τη

285 2169 320 2226 λδ
336 2173 378 2251 γῇ
392 2167 444 2230 καλ
457 2167 489 2230 ἐν
502 2167 640 2251 δαλάττη
655 2203 694 2216 -
711 2169 761 2232 καλ
785 2171 890 2253 ὥσπερ
912 2167 1014 2251 ἄρτιον
1037 2167 1088 2230 καὶ
1108 2163 1278 2249 ὁλόκληρον
1302 2171 1393 2249 σῶμα
1415 2171 1455 2249 τῇ

337 2266 486 2328 συστάσει
509 2269 569 2328 τῖον
596 2272 697 2348 μερῶν
728 2266 779 2328 καὶ
811 2267 914 2348 μελῶν
945 2263 1170 2326 κατεσκεύασεν
1204 2262 1379 2348 ἠάρρητος
1399 2266 1453 2328 τοῦ

335 2361 413 2424 θεοῦ
438 2362 532 2445 σοφία
556 2361 686 2424 τόδετὸ
709 2367 780 2441 πᾶν,
803 2363 883 2423 ὥστε
906 2357 981 2446 όπερ
1006 2359 1041 2424 ἂν
1066 2359 1195 2444 ἀφίλοις
1216 2366 1260 2445 τῷ
1281 2360 1365 2446 λόγιρ
1393 2363 1453 2424 τῶν

335 2458 510 2541 γινομένων
531 2461 574 2525 τός
595 2459 733 2542 περιττόν
756 2460 807 2522 καὶ
829 2463 883 2542 τῆς
901 2458 1007 2544 χρείας
1030 2454 1206 2542 ἀλλότριον,
1230 2457 1453 2542 άκρωτηριάζε·

337 2554 409 2617 σθαι
429 2553 504 2617 όλον
524 2555 559 2616 τό
583 2559 675 2639 σῶμα
695 2557 790 2631 δοκεῖ,
814 2556 957 2640 ἐπειδήγε
977 2557 1010 2619 τό
1035 2556 1146 2618 δοκοῦν
1170 2557 1201 2618 ἐν
1224 2559 1287 2624 τοῖς
1302 2553 1371 2618 οόσι
1385 2553 1452 2618 λίαν

283 2658 321 2714 w
338 2651 605 2736 εὐκαταφρόνητον
639 2654 892 2738 συμπληρωτικὸν
921 2658 974 2736 τῆς
1007 2656 1061 2716 τοῖν
1096 2655 1240 2737 σώματος
1263 2649 1454 2735 τελειότητός

338 2748 413 2826 εστι,
439 2752 490 2814 καὶ
524 2751 615 2815 οὐδὲν
645 2750 738 2835 άργδν
767 2753 798 2814 ἐν
822 2756 885 2818 τοῖς
914 2747 998 2814 οὖσιν
1021 2749 1095 2814 οὐδὲ
1118 2751 1214 2834 μάτην
1236 2751 1361 2833 γεγονός
1382 2742 1453 2812 οὐδ’

336 2847 380 2915 εἰς
393 2848 565 2934 φιλοτιμίαν
577 2849 717 2933 περιττήν
727 2851 976 2933 παρεγκείμενον,
984 2845 1060 2930 μόνη
1075 2848 1110 2910 δὲ
1121 2847 1259 2930 εὐλόγως
1267 2847 1318 2909 καὶ
1332 2846 1457 2913 δικαίως

334 2944 457 3028 περιττή
481 2945 501 3028 ή
524 2949 584 3008 τῶν
608 2944 844 3030 ἁμαρτανόντων
874 2945 1048 3029 ἀνθρώπων
1072 2945 1175 3008 ἀδικία
1199 2946 1250 3009 καὶ
1274 2943 1400 3027 ἀληθῶς
1419 2965 1455 3026 γε

335 3041 428 3104 κακία
455 3044 617 3127 τυγχάνει,
648 3042 685 3105 οὐ
711 3043 770 3127 μὴν
798 3042 830 3112 ἐξ
859 3043 997 3126 άνάρχου
1019 3041 1137 3118 κακίας,
1167 3042 1272 3126 ήντινα
1294 3042 1335 3124 μή
1358 3037 1454 3104 οὖσαν

283 3149 319 3204 νδ
337 3141 399 3204 ἀπὸ
422 3140 534 3223 ταύτης
550 3162 586 3223 γε
610 3139 706 3222 οὔσης
728 3138 895 3223 ἐπενόησεν
919 3143 934 3204 ό
957 3137 1075 3222 Μάνης,
1100 3141 1181 3207 ιὐςό
1209 3138 1301 3221 λόγος
1321 3137 1382 3222 ἤδη
1400 3138 1454 3221 μὲν

336 3238 447 3307 ίκανῶς
466 3238 589 3323 ήνίίατο
612 3242 676 3306 τοῖς
698 3235 890 3322 ἔμπροσθεν,
917 3237 1009 3307 δείξει
1033 3237 1069 3300 δὲ
1096 3235 1285 3321 σαφέστερον
1311 3236 1362 3300 καὶ
1392 3239 1456 3304 τοῖς
1588 3267 1593 3277 ·

335 3335 414 3418 ἑξῆς.
444 3337 491 3400 διό
513 3337 551 3419 δή
574 3339 695 3419 πρῶτον
716 3335 786 3417 περὶ
806 3334 916 3396 τούτου
939 3333 1146 3420 διαλαβόντες,
1170 3334 1269 3403 οὕτως
1294 3335 1358 3420 όδιγῖ
1381 3355 1453 3418 προ-

334 3432 542 3517 ελευσόμεδα,
565 3431 732 3500 δεικνύντες
757 3434 800 3499 ὡς
816 3431 886 3494 κατ’
910 3431 1016 3494 οὐσίαν
1036 3431 1126 3496 οὐδὲν
1149 3437 1209 3496 τῶν
1236 3431 1332 3496 ὄντων
1349 3429 1453 3507 κακόν,

335 3530 417 3594 ἀλλὰ
438 3531 497 3615 μὴν
518 3531 578 3594 ὅσα
596 3529 675 3592 κατὰ
694 3526 801 3611 γενεὰν
827 3528 986 3612 οἰκονομεῖ
1008 3531 1024 3593 ό
1051 3530 1133 3606 δεός,
1162 3527 1340 3613 πρεπόντως
1360 3551 1395 3612 γε
1414 3551 1451 3613 τη

283 3637 320 3693 w
337 3627 450 3692 ἑαυτοῦ
474 3627 570 3712 σοφίη
599 3627 651 3690 καὶ
680 3623 899 3708 συμφερόντως
921 3626 1079 3710 οἰκονομεῖ
1105 3631 1168 3695 τοῖς
1193 3627 1268 3712 ὑπὲρ
1293 3626 1335 3688 ὧν
1358 3631 1455 3690 ταῦτα

333 3727 427 3786 ποιεῖ.
481 3722 511 3795 δ,
545 3723 661 3806 κόσμον
685 3720 784 3784 τοίνυν
805 3721 1028 3786 κατεσκεύασεν
1048 3726 1064 3787 ό
1086 3723 1159 3792 θεὸς
1178 3724 1229 3786 καὶ
1251 3724 1321 3808 περὶ
1343 3723 1453 3788 τούτου

333 3822 412 3906 πρδς
433 3821 488 3889 οὓς
512 3823 529 3884 ό
555 3819 647 3901 λόγος
677 3819 714 3882 οδ
740 3819 998 3906 διαχειμάζονται.
1043 3822 1072 3884 εἰ
1097 3820 1154 3904 γὰρ
1183 3821 1221 3906 δὴ
1245 3822 1296 3884 καὶ
1318 3821 1362 3890 εἰς
1381 3821 1454 3884 ἀκο-

336 3919 425 4002 σμίαν
447 3917 574 4001 κόσμιον
593 3915 665 3980 ὄντα
683 3919 736 3982 τόν
755 3917 871 4001 κόσμον
893 3917 1148 4002 μεταβάλλουσιν,
1172 3918 1253 3981 ἀλλά
1273 3941 1308 4000 γε
1329 3919 1401 4003 περί
1420 3941 1455 3982 τε

333 4013 448 4099 τρόπου
478 4016 529 4077 καί
555 4019 609 4098 τῆς
642 4016 740 4084 αἰτίας
769 4020 822 4078 τοῦ
853 4013 997 4097 γενέσθαι
1030 4017 1228 4098 όμολογοῦσι.
1279 4015 1378 4103 τοότιρ
1414 4019 1452 4102 δὴ

282 4121 318 4180 ὅ
337 4113 432 4198 μέρος
455 4113 510 4196 μὲν
530 4111 603 4176 ὄντα
624 4117 678 4176 τοῦ
699 4110 823 4190 παντός,
847 4111 933 4193 ὅμως
953 4112 988 4175 δὲ
1010 4113 1136 4195 πολίτην
1152 4112 1317 4196 ἐπιστήσας
1332 4117 1453 4198 λογικὸν

332 4210 385 4273 τδν
408 4209 572 4298 ἄνθρωπον
597 4213 614 4274 ό
634 4209 718 4287 δεός,
742 4208 781 4270 τδ
803 4208 858 4291 μὲν
880 4207 961 4272 ἄλλα
984 4209 1042 4272 όσα
1066 4210 1231 4294 μήτεπρὸς
1250 4211 1362 4296 α’ρετήν
1377 4214 1454 4296 μήτε

332 4307 411 4390 πρδς
431 4308 537 4370 κακίαν
559 4309 618 4391 όρᾷ
639 4305 741 4390 δαυτηῖ
759 4306 922 4389 τετήρηκεν
947 4307 1137 4391 οἰκονομεῖν,
1166 4307 1276 4392 ἀρετὴν
1299 4310 1334 4377 δὲ
1359 4309 1453 4394 μόνον

333 4403 481 4487 ήαακίαν
502 4402 550 4467 ἐπ’
575 4403 660 4488 αὐτῷ
682 4401 760 4466 εἶναι
783 4403 945 4488 πεποίηκε,
967 4409 1005 4488 τῇ
1024 4404 1115 4490 φύσει
1130 4403 1291 4490 προενδεὶς
1304 4405 1453 4492 ἑκατέρου

334 4501 388 4585 τήν
409 4504 531 4583 γνῶσιν,
562 4500 612 4562 ίνα
635 4500 802 4585 όφδαλμοιῖ
827 4501 913 4584 δίκην
942 4501 1051 4586 ταύτην
1081 4500 1274 4587 ἐπαγόμενος
1296 4503 1333 4568 οὐ
1359 4503 1453 4588 μόνον
