<?xml version="1.0" encoding="UTF-8"?>
<!DOCTYPE html PUBLIC "-//W3C//DTD XHTML 1.0 Transitional//EN"
    "http://www.w3.org/TR/xhtml1/DTD/xhtml1-transitional.dtd">
<html xmlns="http://www.w3.org/1999/xhtml" xml:lang="en" lang="en">
 <head>
  <title>
</title>
<meta http-equiv="Content-Type" content="text/html;charset=utf-8" />
  <meta name='ocr-system' content='tesseract 3.04.00' />
  <meta name='ocr-capabilities' content='ocr_page ocr_carea ocr_par ocr_line ocrx_word'/>
</head>
<body>
  <div class='ocr_page' id='page_1' title='image "./poemander00trisgoog_0172.png"; bbox 0 0 3517 5434; ppageno 0'>
   <div class='ocr_carea' id='block_1_1' title="bbox 344 659 911 728">
    <p class='ocr_par' dir='ltr' id='par_1_1' title="bbox 344 659 911 728">
     <span class='ocr_line' id='line_1_1' title="bbox 344 659 911 728; baseline -0.012 0"><span class='ocrx_word' id='word_1_1' title='bbox 344 675 372 728; x_wconf 77' lang='grc' dir='ltr'><strong>Δ</strong></span> <span class='ocrx_word' id='word_1_2' title='bbox 391 671 483 728; x_wconf 51' lang='grc' dir='ltr'>δὼθ.</span> <span class='ocrx_word' id='word_1_3' title='bbox 891 659 911 721; x_wconf 69' lang='grc' dir='ltr'>ἐ</span> 
     </span>
    </p>
   </div>
   <div class='ocr_carea' id='block_1_2' title="bbox 310 823 1466 1400">
    <p class='ocr_par' dir='ltr' id='par_1_2' title="bbox 310 823 1466 1400">
     <span class='ocr_line' id='line_1_2' title="bbox 345 823 1465 908; baseline 0 -16"><span class='ocrx_word' id='word_1_4' title='bbox 345 828 428 892; x_wconf 87' lang='grc' dir='ltr'>όλων</span> <span class='ocrx_word' id='word_1_5' title='bbox 456 823 611 896; x_wconf 85' lang='grc' dir='ltr'>ἀπόδειξιν</span> <span class='ocrx_word' id='word_1_6' title='bbox 638 827 682 894; x_wconf 81' lang='grc' dir='ltr'>ὡς</span> <span class='ocrx_word' id='word_1_7' title='bbox 709 826 814 888; x_wconf 82' lang='grc' dir='ltr'>καλῶν</span> <span class='ocrx_word' id='word_1_8' title='bbox 843 827 896 889; x_wconf 82' lang='grc' dir='ltr'>καὶ</span> <span class='ocrx_word' id='word_1_9' title='bbox 924 823 1098 908; x_wconf 80' lang='grc' dir='ltr'>ἀναγκαίων</span> <span class='ocrx_word' id='word_1_10' title='bbox 1127 823 1223 889; x_wconf 88' lang='grc' dir='ltr'>όντων</span> <span class='ocrx_word' id='word_1_11' title='bbox 1248 827 1465 892; x_wconf 79' lang='grc' dir='ltr'>ἁπάντωνκαὶ</span> 
     </span>
     <span class='ocr_line' id='line_1_3' title="bbox 346 920 1464 1012; baseline -0.002 -24"><span class='ocrx_word' id='word_1_12' title='bbox 346 925 470 989; x_wconf 81' lang='grc' dir='ltr'>ἐκείνων</span> <span class='ocrx_word' id='word_1_13' title='bbox 490 926 550 1003; x_wconf 76' lang='grc' dir='ltr'>(ὡς</span> <span class='ocrx_word' id='word_1_14' title='bbox 568 922 734 1007; x_wconf 74' lang='grc' dir='ltr'>προλαβὼν</span> <span class='ocrx_word' id='word_1_15' title='bbox 750 920 845 1007; x_wconf 86' lang='grc' dir='ltr'>ἔφην)</span> <span class='ocrx_word' id='word_1_16' title='bbox 858 924 989 1006; x_wconf 87' lang='grc' dir='ltr'>μάλιστα</span> <span class='ocrx_word' id='word_1_17' title='bbox 1004 921 1076 986; x_wconf 81' lang='grc' dir='ltr'>καθ’</span> <span class='ocrx_word' id='word_1_18' title='bbox 1093 923 1195 1008; x_wconf 83' lang='grc' dir='ltr'>ὧνπερ</span> <span class='ocrx_word' id='word_1_19' title='bbox 1218 924 1363 1008; x_wconf 79' lang='grc' dir='ltr'>πλείστην</span> <span class='ocrx_word' id='word_1_20' title='bbox 1374 925 1464 1012; x_wconf 75' lang='grc' dir='ltr'>[τὴν]</span> 
     </span>
     <span class='ocr_line' id='line_1_4' title="bbox 344 1019 1465 1105; baseline 0 -19"><span class='ocrx_word' id='word_1_21' title='bbox 344 1020 542 1105; x_wconf 89' lang='grc' dir='ltr'>καταδρομὴν</span> <span class='ocrx_word' id='word_1_22' title='bbox 566 1022 726 1081; x_wconf 83' lang='grc' dir='ltr'>ποιοῦνται</span> <span class='ocrx_word' id='word_1_23' title='bbox 753 1023 798 1087; x_wconf 87' lang='grc' dir='ltr'>ιὸς</span> <span class='ocrx_word' id='word_1_24' title='bbox 821 1019 1081 1104; x_wconf 74' lang='grc' dir='ltr'>ὁμολογουμένων</span> <span class='ocrx_word' id='word_1_25' title='bbox 1104 1025 1207 1083; x_wconf 82' lang='grc' dir='ltr'>κακῶν</span> <span class='ocrx_word' id='word_1_26' title='bbox 1229 1053 1270 1070; x_wconf 86' lang='lat'>--</span> <span class='ocrx_word' id='word_1_27' title='bbox 1293 1019 1336 1084; x_wconf 88' lang='grc' dir='ltr'>έτι</span> <span class='ocrx_word' id='word_1_28' title='bbox 1360 1023 1465 1086; x_wconf 79' lang='grc' dir='ltr'>δὲκαὶ</span> 
     </span>
     <span class='ocr_line' id='line_1_5' title="bbox 345 1115 1466 1206; baseline 0.001 -24"><span class='ocrx_word' id='word_1_29' title='bbox 345 1120 448 1206; x_wconf 86' lang='grc' dir='ltr'>[περὶ]</span> <span class='ocrx_word' id='word_1_30' title='bbox 478 1122 533 1200; x_wconf 76' lang='grc' dir='ltr'>τῆς</span> <span class='ocrx_word' id='word_1_31' title='bbox 564 1120 625 1180; x_wconf 79' lang='grc' dir='ltr'>τῶν</span> <span class='ocrx_word' id='word_1_32' title='bbox 658 1115 741 1179; x_wconf 86' lang='grc' dir='ltr'>όλων</span> <span class='ocrx_word' id='word_1_33' title='bbox 774 1117 957 1200; x_wconf 80' lang='grc' dir='ltr'>διοικήσεως</span> <span class='ocrx_word' id='word_1_34' title='bbox 986 1119 1037 1182; x_wconf 83' lang='grc' dir='ltr'>καί</span> <span class='ocrx_word' id='word_1_35' title='bbox 1068 1117 1110 1180; x_wconf 91' lang='grc' dir='ltr'>δι’</span> <span class='ocrx_word' id='word_1_36' title='bbox 1139 1117 1182 1180; x_wconf 84' lang='grc' dir='ltr'>ιὸν</span> <span class='ocrx_word' id='word_1_37' title='bbox 1211 1119 1333 1202; x_wconf 79' lang='grc' dir='ltr'>πικρίαν</span> <span class='ocrx_word' id='word_1_38' title='bbox 1372 1119 1466 1204; x_wconf 82' lang='grc' dir='ltr'>αὐτῆς</span> 
     </span>
     <span class='ocr_line' id='line_1_6' title="bbox 310 1213 1463 1302; baseline 0.007 -28"><span class='ocrx_word' id='word_1_39' title='bbox 310 1215 536 1302; x_wconf 77' lang='grc' dir='ltr'>δάγνωμόνως</span> <span class='ocrx_word' id='word_1_40' title='bbox 561 1215 825 1298; x_wconf 74' lang='grc' dir='ltr'>καταψηφίζονται</span> <span class='ocrx_word' id='word_1_41' title='bbox 853 1214 942 1300; x_wconf 79' lang='grc' dir='ltr'>[ὥς]</span> <span class='ocrx_word' id='word_1_42' title='bbox 974 1215 1012 1278; x_wconf 88' lang='grc' dir='ltr'>τά</span> <span class='ocrx_word' id='word_1_43' title='bbox 1037 1213 1260 1300; x_wconf 86' lang='grc' dir='ltr'>ἀναγκαιότερα</span> <span class='ocrx_word' id='word_1_44' title='bbox 1287 1217 1463 1301; x_wconf 85' lang='grc' dir='ltr'>οίκονομοὺ·</span> 
     </span>
     <span class='ocr_line' id='line_1_7' title="bbox 346 1309 1463 1400; baseline 0 -24"><span class='ocrx_word' id='word_1_45' title='bbox 346 1339 457 1400; x_wconf 82' lang='grc' dir='ltr'>σης-</span> <span class='ocrx_word' id='word_1_46' title='bbox 473 1311 509 1376; x_wconf 86' lang='grc' dir='ltr'>οδ</span> <span class='ocrx_word' id='word_1_47' title='bbox 533 1312 604 1396; x_wconf 83' lang='grc' dir='ltr'>μήν,</span> <span class='ocrx_word' id='word_1_48' title='bbox 625 1309 774 1374; x_wconf 76' lang='grc' dir='ltr'>ἀλλὰκαὶ</span> <span class='ocrx_word' id='word_1_49' title='bbox 795 1312 865 1396; x_wconf 83' lang='grc' dir='ltr'>περὶ</span> <span class='ocrx_word' id='word_1_50' title='bbox 886 1317 946 1374; x_wconf 78' lang='grc' dir='ltr'>τῶν</span> <span class='ocrx_word' id='word_1_51' title='bbox 967 1311 1053 1396; x_wconf 81' lang='grc' dir='ltr'>παρὰ</span> <span class='ocrx_word' id='word_1_52' title='bbox 1074 1311 1251 1396; x_wconf 81' lang='grc' dir='ltr'>ἀνθρώποις</span> <span class='ocrx_word' id='word_1_53' title='bbox 1267 1313 1463 1396; x_wconf 76' lang='grc' dir='ltr'>ἀδικημάτων</span> 
     </span>
    </p>
   </div>
   <div class='ocr_carea' id='block_1_3' title="bbox 347 1408 1615 1510">
    <p class='ocr_par' dir='ltr' id='par_1_3' title="bbox 347 1408 1615 1510">
     <span class='ocr_line' id='line_1_8' title="bbox 347 1408 1615 1510; baseline -0.001 -36"><span class='ocrx_word' id='word_1_54' title='bbox 347 1417 391 1482; x_wconf 78' lang='grc' dir='ltr'>ὡς</span> <span class='ocrx_word' id='word_1_55' title='bbox 416 1411 491 1476; x_wconf 85' lang='grc' dir='ltr'>οόδέ</span> <span class='ocrx_word' id='word_1_56' title='bbox 520 1408 572 1472; x_wconf 89' lang='grc' dir='ltr'>διά</span> <span class='ocrx_word' id='word_1_57' title='bbox 602 1412 698 1482; x_wconf 77' lang='grc' dir='ltr'>ταῦτα</span> <span class='ocrx_word' id='word_1_58' title='bbox 725 1413 864 1493; x_wconf 81' lang='grc' dir='ltr'>προσῆκε</span> <span class='ocrx_word' id='word_1_59' title='bbox 888 1410 997 1479; x_wconf 86' lang='grc' dir='ltr'>κακίας</span> <span class='ocrx_word' id='word_1_60' title='bbox 1020 1410 1119 1495; x_wconf 82' lang='grc' dir='ltr'>ἀρχὴν</span> <span class='ocrx_word' id='word_1_61' title='bbox 1141 1409 1227 1474; x_wconf 88' lang='grc' dir='ltr'>κατά</span> <span class='ocrx_word' id='word_1_62' title='bbox 1251 1410 1327 1472; x_wconf 83' lang='grc' dir='ltr'>θεοῦ</span> <span class='ocrx_word' id='word_1_63' title='bbox 1353 1413 1463 1495; x_wconf 86' lang='grc' dir='ltr'>φαντά-</span> <span class='ocrx_word' id='word_1_64' title='bbox 1514 1489 1520 1499; x_wconf 38' lang='lat'><strong>·</strong></span> <span class='ocrx_word' id='word_1_65' title='bbox 1614 1465 1615 1510; x_wconf 36' lang='grc' dir='ltr'>γ</span> 
     </span>
    </p>
   </div>
   <div class='ocr_carea' id='block_1_4' title="bbox 296 1505 1500 2664">
    <p class='ocr_par' dir='ltr' id='par_1_4' title="bbox 296 1505 1500 2664">
     <span class='ocr_line' id='line_1_9' title="bbox 345 1505 1466 1592; baseline -0.003 -19"><span class='ocrx_word' id='word_1_66' title='bbox 345 1511 463 1584; x_wconf 76' lang='grc' dir='ltr'>(εσθαι.</span> <span class='ocrx_word' id='word_1_67' title='bbox 501 1505 699 1591; x_wconf 73' lang='grc' dir='ltr'>δειχθήσεται</span> <span class='ocrx_word' id='word_1_68' title='bbox 725 1505 783 1590; x_wconf 87' lang='grc' dir='ltr'>γάρ</span> <span class='ocrx_word' id='word_1_69' title='bbox 813 1511 865 1576; x_wconf 85' lang='grc' dir='ltr'>ιὺς</span> <span class='ocrx_word' id='word_1_70' title='bbox 884 1507 936 1570; x_wconf 84' lang='grc' dir='ltr'>καὶ</span> <span class='ocrx_word' id='word_1_71' title='bbox 963 1511 1060 1570; x_wconf 84' lang='grc' dir='ltr'>ταῦτα</span> <span class='ocrx_word' id='word_1_72' title='bbox 1081 1511 1136 1570; x_wconf 82' lang='grc' dir='ltr'>τοῦ</span> <span class='ocrx_word' id='word_1_73' title='bbox 1158 1505 1364 1592; x_wconf 79' lang='grc' dir='ltr'>πεποιηκότος</span> <span class='ocrx_word' id='word_1_74' title='bbox 1383 1509 1466 1591; x_wconf 77' lang='grc' dir='ltr'>ἡμᾶς</span> 
     </span>
     <span class='ocr_line' id='line_1_10' title="bbox 347 1601 1466 1693; baseline 0 -25"><span class='ocrx_word' id='word_1_75' title='bbox 347 1607 491 1693; x_wconf 74' lang='grc' dir='ltr'>ἐμφαίνει</span> <span class='ocrx_word' id='word_1_76' title='bbox 517 1604 571 1686; x_wconf 90' lang='grc' dir='ltr'>τὴν</span> <span class='ocrx_word' id='word_1_77' title='bbox 604 1601 782 1687; x_wconf 89' lang='grc' dir='ltr'>ἀγαθότητα</span> <span class='ocrx_word' id='word_1_78' title='bbox 812 1605 863 1668; x_wconf 81' lang='grc' dir='ltr'>καί</span> <span class='ocrx_word' id='word_1_79' title='bbox 894 1603 964 1668; x_wconf 81' lang='grc' dir='ltr'>οὔτε</span> <span class='ocrx_word' id='word_1_80' title='bbox 994 1603 1072 1667; x_wconf 85' lang='grc' dir='ltr'>κατά</span> <span class='ocrx_word' id='word_1_81' title='bbox 1097 1603 1243 1689; x_wconf 86' lang='grc' dir='ltr'>βοόλησιν</span> <span class='ocrx_word' id='word_1_82' title='bbox 1272 1603 1367 1667; x_wconf 82' lang='grc' dir='ltr'>αὑτοῦ</span> <span class='ocrx_word' id='word_1_83' title='bbox 1388 1607 1466 1688; x_wconf 88' lang='grc' dir='ltr'>πρὸς</span> 
     </span>
     <span class='ocr_line' id='line_1_11' title="bbox 297 1698 1463 1789; baseline 0.005 -28"><span class='ocrx_word' id='word_1_84' title='bbox 297 1709 330 1762; x_wconf 78' lang='lat' dir='ltr'><strong><em>w</em></strong></span> <span class='ocrx_word' id='word_1_85' title='bbox 348 1704 522 1789; x_wconf 80' lang='grc' dir='ltr'>ἀνθρώπων</span> <span class='ocrx_word' id='word_1_86' title='bbox 549 1699 681 1782; x_wconf 87' lang='grc' dir='ltr'>γίγνεται</span> <span class='ocrx_word' id='word_1_87' title='bbox 709 1698 780 1763; x_wconf 86' lang='grc' dir='ltr'>οότε</span> <span class='ocrx_word' id='word_1_88' title='bbox 811 1700 846 1764; x_wconf 93' lang='grc' dir='ltr'>ἐκ</span> <span class='ocrx_word' id='word_1_89' title='bbox 871 1705 952 1771; x_wconf 85' lang='grc' dir='ltr'>τινδς</span> <span class='ocrx_word' id='word_1_90' title='bbox 979 1703 1077 1772; x_wconf 90' lang='grc' dir='ltr'>αίτίας</span> <span class='ocrx_word' id='word_1_91' title='bbox 1105 1703 1125 1786; x_wconf 80' lang='grc' dir='ltr'><strong>ἢ</strong></span> <span class='ocrx_word' id='word_1_92' title='bbox 1157 1703 1255 1787; x_wconf 77' lang='grc' dir='ltr'>ἀρχῆς</span> <span class='ocrx_word' id='word_1_93' title='bbox 1275 1703 1349 1766; x_wconf 87' lang='grc' dir='ltr'>καθ’</span> <span class='ocrx_word' id='word_1_94' title='bbox 1373 1705 1463 1786; x_wconf 74' lang='grc' dir='ltr'>ἡμῶν</span> 
     </span>
     <span class='ocr_line' id='line_1_12' title="bbox 347 1799 1464 1887; baseline -0.002 -22"><span class='ocrx_word' id='word_1_95' title='bbox 347 1801 484 1887; x_wconf 89' lang='grc' dir='ltr'>φέρεται.</span> <span class='ocrx_word' id='word_1_96' title='bbox 534 1801 695 1880; x_wconf 77' lang='grc' dir='ltr'>τοιγαροῦν</span> <span class='ocrx_word' id='word_1_97' title='bbox 725 1799 833 1864; x_wconf 90' lang='grc' dir='ltr'>λοιπδν</span> <span class='ocrx_word' id='word_1_98' title='bbox 859 1799 909 1862; x_wconf 81' lang='grc' dir='ltr'>ἐπὶ</span> <span class='ocrx_word' id='word_1_99' title='bbox 931 1800 985 1882; x_wconf 86' lang='grc' dir='ltr'>τὴν</span> <span class='ocrx_word' id='word_1_100' title='bbox 1007 1800 1105 1884; x_wconf 85' lang='grc' dir='ltr'>ἀρχὴν</span> <span class='ocrx_word' id='word_1_101' title='bbox 1130 1803 1184 1883; x_wconf 74' lang='grc' dir='ltr'>τῆς</span> <span class='ocrx_word' id='word_1_102' title='bbox 1206 1801 1373 1884; x_wconf 73' lang='grc' dir='ltr'>μυθώδους</span> <span class='ocrx_word' id='word_1_103' title='bbox 1394 1803 1464 1864; x_wconf 87' lang='grc' dir='ltr'>ἀσε-</span> 
     </span>
     <span class='ocr_line' id='line_1_13' title="bbox 347 1891 1465 1985; baseline -0.002 -23"><span class='ocrx_word' id='word_1_104' title='bbox 347 1900 433 1985; x_wconf 89' lang='grc' dir='ltr'>βείας</span> <span class='ocrx_word' id='word_1_105' title='bbox 462 1897 564 1960; x_wconf 81' lang='grc' dir='ltr'>αὐτῶν</span> <span class='ocrx_word' id='word_1_106' title='bbox 594 1891 755 1978; x_wconf 79' lang='grc' dir='ltr'>ἔλθωμεν,</span> <span class='ocrx_word' id='word_1_107' title='bbox 786 1897 995 1976; x_wconf 73' lang='grc' dir='ltr'>ἐξετάζοντες,</span> <span class='ocrx_word' id='word_1_108' title='bbox 1026 1897 1054 1959; x_wconf 87' lang='grc' dir='ltr'>εί</span> <span class='ocrx_word' id='word_1_109' title='bbox 1079 1897 1310 1984; x_wconf 83' lang='grc' dir='ltr'>παραδέχονται</span> <span class='ocrx_word' id='word_1_110' title='bbox 1334 1902 1407 1981; x_wconf 79' lang='grc' dir='ltr'>γοῦν</span> <span class='ocrx_word' id='word_1_111' title='bbox 1433 1900 1465 1961; x_wconf 85' lang='grc' dir='ltr'>αἱ</span> 
     </span>
     <span class='ocr_line' id='line_1_14' title="bbox 345 1990 1464 2081; baseline 0 -21"><span class='ocrx_word' id='word_1_112' title='bbox 345 1995 425 2060; x_wconf 84' lang='grc' dir='ltr'>κατὰ</span> <span class='ocrx_word' id='word_1_113' title='bbox 457 1994 546 2081; x_wconf 86' lang='grc' dir='ltr'>φὺσιν</span> <span class='ocrx_word' id='word_1_114' title='bbox 574 1990 689 2056; x_wconf 83' lang='grc' dir='ltr'>ἔννοιαι</span> <span class='ocrx_word' id='word_1_115' title='bbox 726 1993 782 2056; x_wconf 90' lang='grc' dir='ltr'>δὺο</span> <span class='ocrx_word' id='word_1_116' title='bbox 814 1994 953 2062; x_wconf 83' lang='grc' dir='ltr'>ἐναντίας</span> <span class='ocrx_word' id='word_1_117' title='bbox 983 1993 1081 2079; x_wconf 79' lang='grc' dir='ltr'>ἀρχὰς</span> <span class='ocrx_word' id='word_1_118' title='bbox 1113 1999 1173 2058; x_wconf 85' lang='grc' dir='ltr'>τῶν</span> <span class='ocrx_word' id='word_1_119' title='bbox 1205 1994 1312 2060; x_wconf 89' lang='grc' dir='ltr'>όντων.</span> <span class='ocrx_word' id='word_1_120' title='bbox 1354 1995 1383 2058; x_wconf 89' lang='grc' dir='ltr'>εί</span> <span class='ocrx_word' id='word_1_121' title='bbox 1407 1996 1464 2080; x_wconf 79' lang='grc' dir='ltr'>γὰρ</span> 
     </span>
     <span class='ocr_line' id='line_1_15' title="bbox 347 2088 1464 2178; baseline -0.001 -21"><span class='ocrx_word' id='word_1_122' title='bbox 347 2094 427 2178; x_wconf 82' lang='grc' dir='ltr'>μηδὲ</span> <span class='ocrx_word' id='word_1_123' title='bbox 449 2090 679 2178; x_wconf 88' lang='grc' dir='ltr'>συμφωνοόσας</span> <span class='ocrx_word' id='word_1_124' title='bbox 697 2088 826 2160; x_wconf 78' lang='grc' dir='ltr'>δέξαιντ’</span> <span class='ocrx_word' id='word_1_125' title='bbox 849 2090 897 2168; x_wconf 88' lang='grc' dir='ltr'>ἀν,</span> <span class='ocrx_word' id='word_1_126' title='bbox 920 2090 1002 2175; x_wconf 81' lang='grc' dir='ltr'>ἤπου</span> <span class='ocrx_word' id='word_1_127' title='bbox 1025 2113 1060 2174; x_wconf 89' lang='grc' dir='ltr'>γε</span> <span class='ocrx_word' id='word_1_128' title='bbox 1082 2091 1279 2177; x_wconf 78' lang='grc' dir='ltr'>μαχομέναςτ</span> <span class='ocrx_word' id='word_1_129' title='bbox 1329 2089 1360 2164; x_wconf 76' lang='grc' dir='ltr'>δ,</span> <span class='ocrx_word' id='word_1_130' title='bbox 1395 2093 1464 2177; x_wconf 87' lang='grc' dir='ltr'>γρά·</span> 
     </span>
     <span class='ocr_line' id='line_1_16' title="bbox 296 2188 1464 2277; baseline 0.003 -27"><span class='ocrx_word' id='word_1_131' title='bbox 296 2196 329 2250; x_wconf 75' lang='lat'>15</span> <span class='ocrx_word' id='word_1_132' title='bbox 348 2212 415 2274; x_wconf 91' lang='grc' dir='ltr'>φων</span> <span class='ocrx_word' id='word_1_133' title='bbox 426 2191 526 2253; x_wconf 87' lang='grc' dir='ltr'>τοίνυν</span> <span class='ocrx_word' id='word_1_134' title='bbox 542 2188 659 2257; x_wconf 86' lang='grc' dir='ltr'>ἐκεῖνος</span> <span class='ocrx_word' id='word_1_135' title='bbox 671 2188 765 2256; x_wconf 84' lang='grc' dir='ltr'>αὑτὸς</span> <span class='ocrx_word' id='word_1_136' title='bbox 781 2188 1016 2274; x_wconf 82' lang='grc' dir='ltr'>όχσλεπόιτιιτα</span> <span class='ocrx_word' id='word_1_137' title='bbox 1031 2190 1134 2272; x_wconf 85' lang='grc' dir='ltr'>μανεὶς</span> <span class='ocrx_word' id='word_1_138' title='bbox 1149 2189 1277 2275; x_wconf 83' lang='grc' dir='ltr'>ἄρχεται</span> <span class='ocrx_word' id='word_1_139' title='bbox 1289 2195 1464 2277; x_wconf 79' lang='grc' dir='ltr'>πανταχοῦ·</span> 
     </span>
     <span class='ocr_line' id='line_1_17' title="bbox 345 2284 1500 2370; baseline 0.003 -23"><span class='ocrx_word' id='word_1_140' title='bbox 345 2285 383 2370; x_wconf 77' lang='grc' dir='ltr'>ἦν</span> <span class='ocrx_word' id='word_1_141' title='bbox 405 2286 479 2354; x_wconf 86' lang='grc' dir='ltr'>θεὸς</span> <span class='ocrx_word' id='word_1_142' title='bbox 499 2285 550 2347; x_wconf 85' lang='grc' dir='ltr'>καὶ</span> <span class='ocrx_word' id='word_1_143' title='bbox 573 2286 643 2368; x_wconf 87' lang='grc' dir='ltr'>ὁλη,</span> <span class='ocrx_word' id='word_1_144' title='bbox 667 2290 735 2370; x_wconf 86' lang='grc' dir='ltr'>φῶς</span> <span class='ocrx_word' id='word_1_145' title='bbox 754 2287 806 2348; x_wconf 87' lang='grc' dir='ltr'>καὶ</span> <span class='ocrx_word' id='word_1_146' title='bbox 828 2284 954 2363; x_wconf 81' lang='grc' dir='ltr'>σκότος,</span> <span class='ocrx_word' id='word_1_147' title='bbox 977 2286 1093 2368; x_wconf 86' lang='grc' dir='ltr'>ἀγαθὸν</span> <span class='ocrx_word' id='word_1_148' title='bbox 1122 2287 1174 2350; x_wconf 80' lang='grc' dir='ltr'>καὶ</span> <span class='ocrx_word' id='word_1_149' title='bbox 1201 2285 1312 2363; x_wconf 91' lang='grc' dir='ltr'>κακόν,</span> <span class='ocrx_word' id='word_1_150' title='bbox 1342 2287 1373 2349; x_wconf 87' lang='grc' dir='ltr'>ἐν</span> <span class='ocrx_word' id='word_1_151' title='bbox 1402 2292 1466 2357; x_wconf 85' lang='grc' dir='ltr'>τοῖς</span> <span class='ocrx_word' id='word_1_152' title='bbox 1495 2299 1500 2312; x_wconf 90' lang='grc'><strong><em>·</em></strong></span> 
     </span>
     <span class='ocr_line' id='line_1_18' title="bbox 345 2381 1465 2469; baseline 0.003 -24"><span class='ocrx_word' id='word_1_153' title='bbox 345 2386 436 2445; x_wconf 81' lang='grc' dir='ltr'>πᾶσιν</span> <span class='ocrx_word' id='word_1_154' title='bbox 465 2381 566 2466; x_wconf 84' lang='grc' dir='ltr'>ἀκρως</span> <span class='ocrx_word' id='word_1_155' title='bbox 588 2382 710 2444; x_wconf 88' lang='grc' dir='ltr'>ἐναντία</span> <span class='ocrx_word' id='word_1_156' title='bbox 739 2386 782 2451; x_wconf 82' lang='grc' dir='ltr'>ὡς</span> <span class='ocrx_word' id='word_1_157' title='bbox 802 2381 881 2445; x_wconf 84' lang='grc' dir='ltr'>κατὰ</span> <span class='ocrx_word' id='word_1_158' title='bbox 910 2383 1005 2466; x_wconf 80' lang='grc' dir='ltr'>μηδὲν</span> <span class='ocrx_word' id='word_1_159' title='bbox 1030 2383 1237 2448; x_wconf 81' lang='grc' dir='ltr'>ἐπικοινωνεῖν</span> <span class='ocrx_word' id='word_1_160' title='bbox 1260 2384 1389 2469; x_wconf 89' lang='grc' dir='ltr'>θάτερον</span> <span class='ocrx_word' id='word_1_161' title='bbox 1410 2385 1465 2448; x_wconf 82' lang='grc' dir='ltr'>θα-</span> 
     </span>
     <span class='ocr_line' id='line_1_19' title="bbox 346 2477 1465 2566; baseline 0.003 -23"><span class='ocrx_word' id='word_1_162' title='bbox 346 2480 444 2565; x_wconf 88' lang='grc' dir='ltr'>τέριρ,</span> <span class='ocrx_word' id='word_1_163' title='bbox 466 2478 599 2562; x_wconf 78' lang='grc' dir='ltr'>ἀγένητα</span> <span class='ocrx_word' id='word_1_164' title='bbox 620 2501 653 2540; x_wconf 92' lang='grc' dir='ltr'>τε</span> <span class='ocrx_word' id='word_1_165' title='bbox 677 2479 728 2542; x_wconf 84' lang='grc' dir='ltr'>καὶ</span> <span class='ocrx_word' id='word_1_166' title='bbox 753 2483 853 2550; x_wconf 74' lang='grc' dir='ltr'>ζῶντα</span> <span class='ocrx_word' id='word_1_167' title='bbox 874 2477 981 2564; x_wconf 83' lang='grc' dir='ltr'>ἄμφω.</span> <span class='ocrx_word' id='word_1_168' title='bbox 1045 2480 1072 2552; x_wconf 89' lang='grc'>7,</span> <span class='ocrx_word' id='word_1_169' title='bbox 1103 2481 1215 2545; x_wconf 86' lang='grc' dir='ltr'>οόκοὺν</span> <span class='ocrx_word' id='word_1_170' title='bbox 1238 2481 1257 2565; x_wconf 79' lang='grc' dir='ltr'><strong>ἢ</strong></span> <span class='ocrx_word' id='word_1_171' title='bbox 1281 2483 1412 2566; x_wconf 88' lang='grc' dir='ltr'>χωρίσει</span> <span class='ocrx_word' id='word_1_172' title='bbox 1430 2505 1465 2565; x_wconf 91' lang='grc' dir='ltr'>γε</span> 
     </span>
     <span class='ocr_line' id='line_1_20' title="bbox 346 2574 1466 2664; baseline 0.005 -24"><span class='ocrx_word' id='word_1_173' title='bbox 346 2582 443 2640; x_wconf 80' lang='grc' dir='ltr'>ταῦτα</span> <span class='ocrx_word' id='word_1_174' title='bbox 470 2576 526 2640; x_wconf 84' lang='grc' dir='ltr'>ἀπ’</span> <span class='ocrx_word' id='word_1_175' title='bbox 551 2574 697 2659; x_wconf 82' lang='grc' dir='ltr'>ἀλλήλων</span> <span class='ocrx_word' id='word_1_176' title='bbox 725 2600 745 2660; x_wconf 90' lang='grc' dir='ltr'>η</span> <span class='ocrx_word' id='word_1_177' title='bbox 776 2575 832 2640; x_wconf 81' lang='grc' dir='ltr'>’σδν</span> <span class='ocrx_word' id='word_1_178' title='bbox 863 2577 1012 2660; x_wconf 84' lang='grc' dir='ltr'>ἀλλήλοις</span> <span class='ocrx_word' id='word_1_179' title='bbox 1039 2579 1112 2644; x_wconf 84' lang='grc' dir='ltr'>ὄντα</span> <span class='ocrx_word' id='word_1_180' title='bbox 1141 2579 1217 2664; x_wconf 89' lang='grc' dir='ltr'>φίλα</span> <span class='ocrx_word' id='word_1_181' title='bbox 1244 2580 1295 2642; x_wconf 88' lang='grc' dir='ltr'>καὶ</span> <span class='ocrx_word' id='word_1_182' title='bbox 1318 2579 1466 2662; x_wconf 78' lang='grc' dir='ltr'>οὐδαμῶς</span> 
     </span>
    </p>
   </div>
   <div class='ocr_carea' id='block_1_5' title="bbox 294 2671 1465 2762">
    <p class='ocr_par' dir='ltr' id='par_1_5' title="bbox 294 2671 1465 2762">
     <span class='ocr_line' id='line_1_21' title="bbox 294 2671 1465 2762; baseline -0.001 -23"><span class='ocrx_word' id='word_1_183' title='bbox 294 2683 331 2739; x_wconf 64' lang='lat' dir='ltr'><em>w</em></span> <span class='ocrx_word' id='word_1_184' title='bbox 349 2675 478 2738; x_wconf 84' lang='grc' dir='ltr'>ἐναντίά</span> <span class='ocrx_word' id='word_1_185' title='bbox 504 2671 684 2758; x_wconf 82' lang='grc' dir='ltr'>φανήσεται.</span> <span class='ocrx_word' id='word_1_186' title='bbox 735 2673 816 2736; x_wconf 86' lang='grc' dir='ltr'>ἀλλά</span> <span class='ocrx_word' id='word_1_187' title='bbox 846 2674 940 2756; x_wconf 74' lang='grc' dir='ltr'>δῆλον</span> <span class='ocrx_word' id='word_1_188' title='bbox 968 2676 1014 2740; x_wconf 85' lang='grc' dir='ltr'>ότι</span> <span class='ocrx_word' id='word_1_189' title='bbox 1035 2679 1133 2762; x_wconf 75' lang='grc' dir='ltr'>χωρὶς</span> <span class='ocrx_word' id='word_1_190' title='bbox 1160 2677 1212 2740; x_wconf 86' lang='grc' dir='ltr'>ἀπ’</span> <span class='ocrx_word' id='word_1_191' title='bbox 1240 2676 1385 2759; x_wconf 79' lang='grc' dir='ltr'>ἀλλήλων</span> <span class='ocrx_word' id='word_1_192' title='bbox 1414 2677 1465 2740; x_wconf 80' lang='grc' dir='ltr'>καί</span> 
     </span>
    </p>
   </div>
   <div class='ocr_carea' id='block_1_6' title="bbox 296 2768 1494 4606">
    <p class='ocr_par' dir='ltr' id='par_1_6' title="bbox 296 2768 1494 4606">
     <span class='ocr_line' id='line_1_22' title="bbox 348 2768 1465 2859; baseline 0.001 -24"><span class='ocrx_word' id='word_1_193' title='bbox 348 2771 441 2841; x_wconf 86' lang='grc' dir='ltr'>αίιτδς</span> <span class='ocrx_word' id='word_1_194' title='bbox 465 2774 561 2834; x_wconf 81' lang='grc' dir='ltr'>ταῦτα</span> <span class='ocrx_word' id='word_1_195' title='bbox 581 2768 662 2832; x_wconf 91' lang='grc' dir='ltr'>είναί</span> <span class='ocrx_word' id='word_1_196' title='bbox 683 2793 786 2854; x_wconf 93' lang='grc' dir='ltr'>φησιν.</span> <span class='ocrx_word' id='word_1_197' title='bbox 840 2768 893 2853; x_wconf 81' lang='grc' dir='ltr'>ἀρ’</span> <span class='ocrx_word' id='word_1_198' title='bbox 919 2769 972 2834; x_wconf 82' lang='grc' dir='ltr'>οὖν</span> <span class='ocrx_word' id='word_1_199' title='bbox 997 2772 1291 2859; x_wconf 86' lang='grc' dir='ltr'>συμπεπερασμένον</span> <span class='ocrx_word' id='word_1_200' title='bbox 1321 2774 1465 2858; x_wconf 81' lang='grc' dir='ltr'>ἑκάτερον</span> 
     </span>
     <span class='ocr_line' id='line_1_23' title="bbox 346 2865 1465 2956; baseline 0.004 -26"><span class='ocrx_word' id='word_1_201' title='bbox 346 2866 470 2952; x_wconf 86' lang='grc' dir='ltr'>θατέρῳ</span> <span class='ocrx_word' id='word_1_202' title='bbox 492 2865 546 2949; x_wconf 80' lang='grc' dir='ltr'>τὴν</span> <span class='ocrx_word' id='word_1_203' title='bbox 579 2867 686 2931; x_wconf 87' lang='grc' dir='ltr'>οὸσίαν</span> <span class='ocrx_word' id='word_1_204' title='bbox 715 2865 800 2932; x_wconf 85' lang='grc' dir='ltr'>ἔσται</span> <span class='ocrx_word' id='word_1_205' title='bbox 827 2868 878 2930; x_wconf 83' lang='grc' dir='ltr'>καλ</span> <span class='ocrx_word' id='word_1_206' title='bbox 907 2867 1070 2955; x_wconf 83' lang='grc' dir='ltr'>οὐδέτερον</span> <span class='ocrx_word' id='word_1_207' title='bbox 1093 2868 1323 2956; x_wconf 73' lang='grc' dir='ltr'>ἀπεριόριστοντΙ</span> <span class='ocrx_word' id='word_1_208' title='bbox 1364 2891 1465 2954; x_wconf 87' lang='grc' dir='ltr'>περιο-</span> 
     </span>
     <span class='ocr_line' id='line_1_24' title="bbox 348 2963 1466 3052; baseline 0.002 -24"><span class='ocrx_word' id='word_1_209' title='bbox 348 2965 439 3050; x_wconf 74' lang='grc' dir='ltr'>ρίζειν</span> <span class='ocrx_word' id='word_1_210' title='bbox 464 2963 499 3026; x_wconf 88' lang='grc' dir='ltr'>δέ</span> <span class='ocrx_word' id='word_1_211' title='bbox 522 2963 588 3028; x_wconf 86' lang='grc' dir='ltr'>κατ’</span> <span class='ocrx_word' id='word_1_212' title='bbox 609 2964 715 3028; x_wconf 86' lang='grc' dir='ltr'>οὐσίαν</span> <span class='ocrx_word' id='word_1_213' title='bbox 737 2966 789 3028; x_wconf 89' lang='grc' dir='ltr'>τδν</span> <span class='ocrx_word' id='word_1_214' title='bbox 813 2966 886 3030; x_wconf 83' lang='grc' dir='ltr'>θεὸν</span> <span class='ocrx_word' id='word_1_215' title='bbox 906 2967 958 3029; x_wconf 83' lang='grc' dir='ltr'>καὶ</span> <span class='ocrx_word' id='word_1_216' title='bbox 979 2968 1019 3050; x_wconf 81' lang='grc' dir='ltr'>μὴ</span> <span class='ocrx_word' id='word_1_217' title='bbox 1041 2969 1211 3052; x_wconf 85' lang='grc' dir='ltr'>ἀπέραντον</span> <span class='ocrx_word' id='word_1_218' title='bbox 1233 2966 1349 3030; x_wconf 82' lang='grc' dir='ltr'>εἰδέναι</span> <span class='ocrx_word' id='word_1_219' title='bbox 1367 2969 1466 3032; x_wconf 83' lang='grc' dir='ltr'>τεκαὶ</span> 
     </span>
     <span class='ocr_line' id='line_1_25' title="bbox 348 3060 1466 3150; baseline 0.003 -25"><span class='ocrx_word' id='word_1_220' title='bbox 348 3062 511 3145; x_wconf 80' lang='grc' dir='ltr'>ὁμολογεῖν</span> <span class='ocrx_word' id='word_1_221' title='bbox 535 3067 602 3131; x_wconf 83' lang='grc' dir='ltr'>πῶς</span> <span class='ocrx_word' id='word_1_222' title='bbox 622 3061 659 3125; x_wconf 82' lang='grc' dir='ltr'>οὐ</span> <span class='ocrx_word' id='word_1_223' title='bbox 686 3063 753 3124; x_wconf 92' lang='grc' dir='ltr'>λίαν</span> <span class='ocrx_word' id='word_1_224' title='bbox 779 3063 906 3149; x_wconf 76' lang='grc' dir='ltr'>ἀσεβέςγ</span> <span class='ocrx_word' id='word_1_225' title='bbox 937 3060 1031 3128; x_wconf 82' lang='grc' dir='ltr'>ὁπότε</span> <span class='ocrx_word' id='word_1_226' title='bbox 1060 3065 1097 3128; x_wconf 85' lang='grc' dir='ltr'>οὑ</span> <span class='ocrx_word' id='word_1_227' title='bbox 1122 3064 1214 3149; x_wconf 88' lang='grc' dir='ltr'>μόνον</span> <span class='ocrx_word' id='word_1_228' title='bbox 1237 3065 1466 3150; x_wconf 77' lang='grc' dir='ltr'>περιορίζεσθαι</span> 
     </span>
     <span class='ocr_line' id='line_1_26' title="bbox 296 3158 1467 3246; baseline 0.005 -22"><span class='ocrx_word' id='word_1_229' title='bbox 296 3167 332 3224; x_wconf 58' lang='lat' dir='ltr'><em>w</em></span> <span class='ocrx_word' id='word_1_230' title='bbox 350 3158 434 3228; x_wconf 88' lang='grc' dir='ltr'>δόξει</span> <span class='ocrx_word' id='word_1_231' title='bbox 452 3159 507 3242; x_wconf 76' lang='grc' dir='ltr'>την</span> <span class='ocrx_word' id='word_1_232' title='bbox 529 3159 636 3223; x_wconf 85' lang='grc' dir='ltr'>οίισίαν</span> <span class='ocrx_word' id='word_1_233' title='bbox 658 3161 709 3223; x_wconf 88' lang='grc' dir='ltr'>καὶ</span> <span class='ocrx_word' id='word_1_234' title='bbox 730 3161 987 3246; x_wconf 84' lang='grc' dir='ltr'>περιγράφεσθαι,</span> <span class='ocrx_word' id='word_1_235' title='bbox 1016 3161 1097 3226; x_wconf 85' lang='grc' dir='ltr'>ἀλλά</span> <span class='ocrx_word' id='word_1_236' title='bbox 1117 3162 1265 3246; x_wconf 80' lang='grc' dir='ltr'>καὶπρὸς</span> <span class='ocrx_word' id='word_1_237' title='bbox 1287 3166 1340 3245; x_wconf 79' lang='grc' dir='ltr'>τῆς</span> <span class='ocrx_word' id='word_1_238' title='bbox 1360 3163 1467 3230; x_wconf 80' lang='grc' dir='ltr'>κακίας</span> 
     </span>
     <span class='ocr_line' id='line_1_27' title="bbox 346 3255 1465 3344; baseline 0.002 -24"><span class='ocrx_word' id='word_1_239' title='bbox 346 3259 405 3337; x_wconf 83' lang='grc' dir='ltr'>(ὡς</span> <span class='ocrx_word' id='word_1_240' title='bbox 428 3255 546 3326; x_wconf 83' lang='grc' dir='ltr'>ἐκεῖνός</span> <span class='ocrx_word' id='word_1_241' title='bbox 567 3261 660 3342; x_wconf 80' lang='grc' dir='ltr'>φησι)</span> <span class='ocrx_word' id='word_1_242' title='bbox 678 3263 768 3322; x_wconf 80' lang='grc' dir='ltr'>τοῦτο</span> <span class='ocrx_word' id='word_1_243' title='bbox 791 3261 938 3343; x_wconf 80' lang='grc' dir='ltr'>πάσχειν·</span> <span class='ocrx_word' id='word_1_244' title='bbox 962 3261 1037 3344; x_wconf 87' lang='grc' dir='ltr'>όπερ</span> <span class='ocrx_word' id='word_1_245' title='bbox 1059 3263 1180 3343; x_wconf 82' lang='grc' dir='ltr'>πρῶτον</span> <span class='ocrx_word' id='word_1_246' title='bbox 1204 3259 1258 3341; x_wconf 82' lang='grc' dir='ltr'>μὲν</span> <span class='ocrx_word' id='word_1_247' title='bbox 1281 3263 1341 3321; x_wconf 86' lang='grc' dir='ltr'>τῶν</span> <span class='ocrx_word' id='word_1_248' title='bbox 1356 3263 1465 3322; x_wconf 81' lang='grc' dir='ltr'>κοινῶν</span> 
     </span>
     <span class='ocr_line' id='line_1_28' title="bbox 349 3353 1464 3440; baseline 0 -22"><span class='ocrx_word' id='word_1_249' title='bbox 349 3355 473 3418; x_wconf 82' lang='grc' dir='ltr'>ἐννοιῶν</span> <span class='ocrx_word' id='word_1_250' title='bbox 505 3353 606 3431; x_wconf 90' lang='grc' dir='ltr'>ἐκτός,</span> <span class='ocrx_word' id='word_1_251' title='bbox 635 3354 746 3422; x_wconf 78' lang='grc' dir='ltr'>αἵτινες</span> <span class='ocrx_word' id='word_1_252' title='bbox 769 3356 997 3440; x_wconf 87' lang='grc' dir='ltr'>ὑποβάλλουσιν</span> <span class='ocrx_word' id='word_1_253' title='bbox 1025 3355 1116 3418; x_wconf 80' lang='grc' dir='ltr'>αὑτὸν</span> <span class='ocrx_word' id='word_1_254' title='bbox 1144 3356 1302 3436; x_wconf 82' lang='grc' dir='ltr'>γινώσκειν</span> <span class='ocrx_word' id='word_1_255' title='bbox 1333 3355 1414 3418; x_wconf 84' lang='grc' dir='ltr'>εἶναί</span> <span class='ocrx_word' id='word_1_256' title='bbox 1430 3378 1464 3418; x_wconf 90' lang='grc' dir='ltr'>τε</span> 
     </span>
     <span class='ocr_line' id='line_1_29' title="bbox 346 3447 1464 3538; baseline 0 -24"><span class='ocrx_word' id='word_1_257' title='bbox 346 3455 506 3536; x_wconf 79' lang='grc' dir='ltr'>πανταχοῦ</span> <span class='ocrx_word' id='word_1_258' title='bbox 534 3452 586 3514; x_wconf 83' lang='grc' dir='ltr'>καλ</span> <span class='ocrx_word' id='word_1_259' title='bbox 614 3451 819 3534; x_wconf 80' lang='grc' dir='ltr'>ἀπερίληπτον</span> <span class='ocrx_word' id='word_1_260' title='bbox 849 3453 996 3538; x_wconf 85' lang='grc' dir='ltr'>ὑπάρχειν</span> <span class='ocrx_word' id='word_1_261' title='bbox 1024 3451 1201 3535; x_wconf 72' lang='grc' dir='ltr'>τὴνφύσιν.</span> <span class='ocrx_word' id='word_1_262' title='bbox 1265 3448 1296 3522; x_wconf 79' lang='grc' dir='ltr'>θ,</span> <span class='ocrx_word' id='word_1_263' title='bbox 1337 3447 1384 3512; x_wconf 82' lang='grc' dir='ltr'>ἐτι</span> <span class='ocrx_word' id='word_1_264' title='bbox 1405 3451 1464 3534; x_wconf 83' lang='grc' dir='ltr'>μὴν</span> 
     </span>
     <span class='ocr_line' id='line_1_30' title="bbox 348 3547 1465 3633; baseline 0.001 -22"><span class='ocrx_word' id='word_1_265' title='bbox 348 3549 376 3611; x_wconf 89' lang='grc' dir='ltr'>εί</span> <span class='ocrx_word' id='word_1_266' title='bbox 395 3552 491 3611; x_wconf 88' lang='grc' dir='ltr'>ταῦτα</span> <span class='ocrx_word' id='word_1_267' title='bbox 522 3547 679 3632; x_wconf 88' lang='grc' dir='ltr'>διέστηκεν</span> <span class='ocrx_word' id='word_1_268' title='bbox 708 3548 882 3629; x_wconf 85' lang='grc' dir='ltr'>ἀναγκαίως</span> <span class='ocrx_word' id='word_1_269' title='bbox 908 3550 1072 3633; x_wconf 81' lang='grc' dir='ltr'>ἀλλήλων,</span> <span class='ocrx_word' id='word_1_270' title='bbox 1102 3548 1137 3612; x_wconf 85' lang='grc' dir='ltr'>οὑ</span> <span class='ocrx_word' id='word_1_271' title='bbox 1163 3547 1255 3632; x_wconf 92' lang='grc' dir='ltr'>μόνον</span> <span class='ocrx_word' id='word_1_272' title='bbox 1286 3549 1359 3616; x_wconf 86' lang='grc' dir='ltr'>θεὸς</span> <span class='ocrx_word' id='word_1_273' title='bbox 1388 3547 1465 3612; x_wconf 80' lang='grc' dir='ltr'>κατὰ</span> 
     </span>
     <span class='ocr_line' id='line_1_31' title="bbox 296 3643 1465 3732; baseline -0.003 -22"><span class='ocrx_word' id='word_1_274' title='bbox 296 3654 332 3710; x_wconf 80' lang='grc'>30</span> <span class='ocrx_word' id='word_1_275' title='bbox 349 3647 403 3730; x_wconf 83' lang='grc' dir='ltr'>τὴν</span> <span class='ocrx_word' id='word_1_276' title='bbox 425 3646 543 3710; x_wconf 84' lang='grc' dir='ltr'>ἐκείνου</span> <span class='ocrx_word' id='word_1_277' title='bbox 568 3646 677 3729; x_wconf 92' lang='grc' dir='ltr'>μανίαν</span> <span class='ocrx_word' id='word_1_278' title='bbox 708 3643 791 3714; x_wconf 92' lang='grc' dir='ltr'>δόξει</span> <span class='ocrx_word' id='word_1_279' title='bbox 810 3646 864 3729; x_wconf 85' lang='grc' dir='ltr'>τὴν</span> <span class='ocrx_word' id='word_1_280' title='bbox 885 3645 974 3732; x_wconf 81' lang='grc' dir='ltr'>φύσιν</span> <span class='ocrx_word' id='word_1_281' title='bbox 998 3643 1238 3732; x_wconf 79' lang='grc' dir='ltr'>περιορίξεσθαι,</span> <span class='ocrx_word' id='word_1_282' title='bbox 1258 3644 1338 3710; x_wconf 83' lang='grc' dir='ltr'>ἀλλὰ</span> <span class='ocrx_word' id='word_1_283' title='bbox 1361 3645 1412 3708; x_wconf 84' lang='grc' dir='ltr'>καὶ</span> <span class='ocrx_word' id='word_1_284' title='bbox 1434 3644 1465 3708; x_wconf 91' lang='grc' dir='ltr'>ἐν</span> 
     </span>
     <span class='ocr_line' id='line_1_32' title="bbox 347 3741 1464 3830; baseline 0.001 -25"><span class='ocrx_word' id='word_1_285' title='bbox 347 3743 416 3827; x_wconf 79' lang='grc' dir='ltr'>ἰδίῳ</span> <span class='ocrx_word' id='word_1_286' title='bbox 436 3741 522 3827; x_wconf 85' lang='grc' dir='ltr'>τόπῳ</span> <span class='ocrx_word' id='word_1_287' title='bbox 547 3743 705 3826; x_wconf 87' lang='grc' dir='ltr'>τυγχάνειν</span> <span class='ocrx_word' id='word_1_288' title='bbox 727 3744 779 3806; x_wconf 80' lang='grc' dir='ltr'>καί</span> <span class='ocrx_word' id='word_1_289' title='bbox 808 3743 989 3829; x_wconf 86' lang='grc' dir='ltr'>καταμένειν</span> <span class='ocrx_word' id='word_1_290' title='bbox 1015 3743 1239 3829; x_wconf 88' lang='grc' dir='ltr'>παραπλησίως</span> <span class='ocrx_word' id='word_1_291' title='bbox 1261 3749 1306 3830; x_wconf 77' lang='grc' dir='ltr'>τῷ</span> <span class='ocrx_word' id='word_1_292' title='bbox 1327 3743 1464 3828; x_wconf 80' lang='grc' dir='ltr'>ἐναντίῳ.</span> 
     </span>
     <span class='ocr_line' id='line_1_33' title="bbox 346 3836 1465 3926; baseline 0 -22"><span class='ocrx_word' id='word_1_293' title='bbox 346 3840 384 3904; x_wconf 84' lang='grc' dir='ltr'>τὰ</span> <span class='ocrx_word' id='word_1_294' title='bbox 412 3837 470 3922; x_wconf 81' lang='grc' dir='ltr'>γὰρ</span> <span class='ocrx_word' id='word_1_295' title='bbox 498 3836 552 3900; x_wconf 79' lang='grc' dir='ltr'>ὑπ’</span> <span class='ocrx_word' id='word_1_296' title='bbox 575 3839 720 3922; x_wconf 79' lang='grc' dir='ltr'>ἀλλήλων</span> <span class='ocrx_word' id='word_1_297' title='bbox 750 3841 915 3926; x_wconf 87' lang='grc' dir='ltr'>είργόμενα</span> <span class='ocrx_word' id='word_1_298' title='bbox 942 3841 1046 3910; x_wconf 82' lang='grc' dir='ltr'>τόποις</span> <span class='ocrx_word' id='word_1_299' title='bbox 1070 3842 1157 3910; x_wconf 77' lang='grc' dir='ltr'>ἰδίοις</span> <span class='ocrx_word' id='word_1_300' title='bbox 1180 3842 1300 3925; x_wconf 86' lang='grc' dir='ltr'>δηλαδὴ</span> <span class='ocrx_word' id='word_1_301' title='bbox 1326 3841 1465 3926; x_wconf 87' lang='grc' dir='ltr'>περιγρά-</span> 
     </span>
     <span class='ocr_line' id='line_1_34' title="bbox 347 3935 1494 4024; baseline -0.003 -22"><span class='ocrx_word' id='word_1_302' title='bbox 347 3960 448 4020; x_wconf 87' lang='grc' dir='ltr'>φεται.</span> <span class='ocrx_word' id='word_1_303' title='bbox 502 3935 613 4000; x_wconf 86' lang='grc' dir='ltr'>οόκοὺν</span> <span class='ocrx_word' id='word_1_304' title='bbox 650 3936 836 4008; x_wconf 83' lang='grc' dir='ltr'>ἐξεταστέον.</span> <span class='ocrx_word' id='word_1_305' title='bbox 891 3941 918 4004; x_wconf 85' lang='grc' dir='ltr'>εί</span> <span class='ocrx_word' id='word_1_306' title='bbox 947 3941 1001 4024; x_wconf 80' lang='grc' dir='ltr'>μὲν</span> <span class='ocrx_word' id='word_1_307' title='bbox 1032 3938 1228 4024; x_wconf 79' lang='grc' dir='ltr'>,πρεσβύτερα</span> <span class='ocrx_word' id='word_1_308' title='bbox 1265 3941 1325 4001; x_wconf 84' lang='grc' dir='ltr'>τῶν</span> <span class='ocrx_word' id='word_1_309' title='bbox 1360 3936 1463 4001; x_wconf 92' lang='grc' dir='ltr'>τόπων</span> <span class='ocrx_word' id='word_1_310' title='bbox 1490 3991 1494 3998; x_wconf 95' lang='grc'>.</span> 
     </span>
     <span class='ocr_line' id='line_1_35' title="bbox 348 4030 1466 4122; baseline -0.002 -22"><span class='ocrx_word' id='word_1_311' title='bbox 348 4035 444 4119; x_wconf 83' lang='grc' dir='ltr'>ἄμφω</span> <span class='ocrx_word' id='word_1_312' title='bbox 468 4033 506 4098; x_wconf 86' lang='grc' dir='ltr'>τά</span> <span class='ocrx_word' id='word_1_313' title='bbox 528 4034 650 4098; x_wconf 87' lang='grc' dir='ltr'>ἐναντία</span> <span class='ocrx_word' id='word_1_314' title='bbox 672 4038 715 4104; x_wconf 86' lang='grc' dir='ltr'>ιὺς</span> <span class='ocrx_word' id='word_1_315' title='bbox 734 4035 884 4120; x_wconf 86' lang='grc' dir='ltr'>ἀγένητα,</span> <span class='ocrx_word' id='word_1_316' title='bbox 907 4037 944 4122; x_wconf 80' lang='grc' dir='ltr'>ἦν</span> <span class='ocrx_word' id='word_1_317' title='bbox 968 4037 1019 4100; x_wconf 81' lang='grc' dir='ltr'>ὅτε</span> <span class='ocrx_word' id='word_1_318' title='bbox 1041 4030 1131 4102; x_wconf 87' lang='grc' dir='ltr'>πάλιν</span> <span class='ocrx_word' id='word_1_319' title='bbox 1151 4036 1299 4121; x_wconf 87' lang='grc' dir='ltr'>πρότερον</span> <span class='ocrx_word' id='word_1_320' title='bbox 1319 4034 1466 4120; x_wconf 89' lang='grc' dir='ltr'>ἐτὺγχανε</span> 
     </span>
     <span class='ocr_line' id='line_1_36' title="bbox 296 4131 1465 4217; baseline 0.005 -27"><span class='ocrx_word' id='word_1_321' title='bbox 296 4133 331 4190; x_wconf 80' lang='grc' dir='ltr'>θδ</span> <span class='ocrx_word' id='word_1_322' title='bbox 349 4135 434 4214; x_wconf 79' lang='grc' dir='ltr'>κοινῆ</span> <span class='ocrx_word' id='word_1_323' title='bbox 457 4136 512 4215; x_wconf 79' lang='grc' dir='ltr'>τῆς</span> <span class='ocrx_word' id='word_1_324' title='bbox 533 4131 742 4216; x_wconf 87' lang='grc' dir='ltr'>ἐναντιότητος</span> <span class='ocrx_word' id='word_1_325' title='bbox 764 4133 999 4217; x_wconf 88' lang='grc' dir='ltr'>ἀπηλλαγμένα.</span> <span class='ocrx_word' id='word_1_326' title='bbox 1039 4135 1066 4198; x_wconf 87' lang='grc' dir='ltr'>εί</span> <span class='ocrx_word' id='word_1_327' title='bbox 1086 4134 1122 4198; x_wconf 86' lang='grc' dir='ltr'>δέ</span> <span class='ocrx_word' id='word_1_328' title='bbox 1145 4132 1300 4200; x_wconf 86' lang='grc' dir='ltr'>συναίδιος</span> <span class='ocrx_word' id='word_1_329' title='bbox 1318 4132 1465 4217; x_wconf 83' lang='grc' dir='ltr'>ἑκατέρου</span> 
     </span>
     <span class='ocr_line' id='line_1_37' title="bbox 347 4227 1464 4315; baseline 0.002 -23"><span class='ocrx_word' id='word_1_330' title='bbox 347 4234 402 4312; x_wconf 73' lang='grc' dir='ltr'>τῆς</span> <span class='ocrx_word' id='word_1_331' title='bbox 424 4229 530 4299; x_wconf 88' lang='grc' dir='ltr'>οόσίας</span> <span class='ocrx_word' id='word_1_332' title='bbox 556 4231 573 4294; x_wconf 93' lang='grc' dir='ltr'>ὁ</span> <span class='ocrx_word' id='word_1_333' title='bbox 596 4227 771 4315; x_wconf 89' lang='grc' dir='ltr'>χωρισμός,</span> <span class='ocrx_word' id='word_1_334' title='bbox 800 4231 1039 4315; x_wconf 89' lang='grc' dir='ltr'>προγενέστερος</span> <span class='ocrx_word' id='word_1_335' title='bbox 1070 4229 1216 4314; x_wconf 76' lang='grc' dir='ltr'>ἑκατέρου</span> <span class='ocrx_word' id='word_1_336' title='bbox 1244 4233 1298 4313; x_wconf 73' lang='grc' dir='ltr'>τῆς</span> <span class='ocrx_word' id='word_1_337' title='bbox 1318 4229 1464 4300; x_wconf 87' lang='grc' dir='ltr'>οίισίαςὸ</span> 
     </span>
     <span class='ocr_line' id='line_1_38' title="bbox 347 4326 1465 4414; baseline 0 -24"><span class='ocrx_word' id='word_1_338' title='bbox 347 4327 441 4397; x_wconf 90' lang='grc' dir='ltr'>τόπος</span> <span class='ocrx_word' id='word_1_339' title='bbox 460 4327 480 4411; x_wconf 76' lang='grc' dir='ltr'><strong>ἡ</strong></span> <span class='ocrx_word' id='word_1_340' title='bbox 503 4327 714 4411; x_wconf 88' lang='grc' dir='ltr'>συναγένητος.</span> <span class='ocrx_word' id='word_1_341' title='bbox 760 4326 830 4389; x_wconf 88' lang='grc' dir='ltr'>ἀλλ’</span> <span class='ocrx_word' id='word_1_342' title='bbox 855 4329 883 4390; x_wconf 86' lang='grc' dir='ltr'>εί</span> <span class='ocrx_word' id='word_1_343' title='bbox 906 4329 962 4410; x_wconf 82' lang='grc' dir='ltr'>μὲν</span> <span class='ocrx_word' id='word_1_344' title='bbox 980 4327 1229 4413; x_wconf 87' lang='grc' dir='ltr'>προγενέστερος,</span> <span class='ocrx_word' id='word_1_345' title='bbox 1254 4331 1298 4396; x_wconf 87' lang='grc' dir='ltr'>ιὺς</span> <span class='ocrx_word' id='word_1_346' title='bbox 1316 4328 1465 4414; x_wconf 85' lang='grc' dir='ltr'>ἑκατέρου</span> 
     </span>
     <span class='ocr_line' id='line_1_39' title="bbox 347 4423 1465 4511; baseline 0.002 -23"><span class='ocrx_word' id='word_1_347' title='bbox 347 4423 444 4488; x_wconf 92' lang='grc' dir='ltr'>τόπου</span> <span class='ocrx_word' id='word_1_348' title='bbox 474 4426 636 4511; x_wconf 84' lang='grc' dir='ltr'>βλάστημα</span> <span class='ocrx_word' id='word_1_349' title='bbox 671 4425 773 4489; x_wconf 85' lang='grc' dir='ltr'>δοκεῖν</span> <span class='ocrx_word' id='word_1_350' title='bbox 801 4423 881 4488; x_wconf 82' lang='grc' dir='ltr'>εἶναι</span> <span class='ocrx_word' id='word_1_351' title='bbox 913 4425 1076 4508; x_wconf 79' lang='grc' dir='ltr'>ἑκάτερον,</span> <span class='ocrx_word' id='word_1_352' title='bbox 1108 4423 1173 4488; x_wconf 82' lang='grc' dir='ltr'>οὔτ’</span> <span class='ocrx_word' id='word_1_353' title='bbox 1202 4425 1335 4510; x_wconf 84' lang='grc' dir='ltr'>ἀγένητα</span> <span class='ocrx_word' id='word_1_354' title='bbox 1368 4430 1465 4490; x_wconf 76' lang='grc' dir='ltr'>ταῦτα</span> 
     </span>
     <span class='ocr_line' id='line_1_40' title="bbox 348 4520 1466 4606; baseline 0 -20"><span class='ocrx_word' id='word_1_355' title='bbox 348 4521 420 4586; x_wconf 81' lang='grc' dir='ltr'>οὔτε</span> <span class='ocrx_word' id='word_1_356' title='bbox 443 4521 527 4586; x_wconf 91' lang='grc' dir='ltr'>ἀίδια</span> <span class='ocrx_word' id='word_1_357' title='bbox 556 4521 647 4606; x_wconf 85' lang='grc' dir='ltr'>(ὑπερ</span> <span class='ocrx_word' id='word_1_358' title='bbox 672 4521 818 4606; x_wconf 85' lang='grc' dir='ltr'>ὑπάρχειν</span> <span class='ocrx_word' id='word_1_359' title='bbox 842 4520 925 4592; x_wconf 86' lang='grc' dir='ltr'>δόξει</span> <span class='ocrx_word' id='word_1_360' title='bbox 948 4525 1011 4590; x_wconf 87' lang='grc' dir='ltr'>τοῖς</span> <span class='ocrx_word' id='word_1_361' title='bbox 1029 4521 1133 4592; x_wconf 86' lang='grc' dir='ltr'>τόποις</span> <span class='ocrx_word' id='word_1_362' title='bbox 1154 4522 1184 4594; x_wconf 84' lang='grc' dir='ltr'>ἐξ</span> <span class='ocrx_word' id='word_1_363' title='bbox 1209 4523 1252 4586; x_wconf 83' lang='grc' dir='ltr'>ὧν</span> <span class='ocrx_word' id='word_1_364' title='bbox 1273 4526 1393 4604; x_wconf 83' lang='grc' dir='ltr'>ταῦτα).</span> <span class='ocrx_word' id='word_1_365' title='bbox 1438 4523 1466 4586; x_wconf 85' lang='grc' dir='ltr'>εί</span> 
     </span>
    </p>
   </div>
   <div class='ocr_carea' id='block_1_7' title="bbox 0 0 1764 5434">
    <p class='ocr_par' dir='ltr' id='par_1_7' title="bbox 0 0 1764 5434">
     <span class='ocr_line' id='line_1_41' title="bbox 0 0 1764 5434; baseline 0 0"><span class='ocrx_word' id='word_1_366' title='bbox 0 0 1764 5434; x_wconf 95' lang='lat' dir='ltr'> </span> 
     </span>
    </p>
   </div>
  </div>
 </body>
</html>
