3517 5434
301 677 412 755 Γιονίν·
762 641 765 648 Ι
832 670 892 730 ¹⁰⁸

303 857 384 919 ματι,
404 833 491 921 εἴπερ
505 839 627 921 πνεῦμα
639 835 716 902 θεοῦ
740 836 821 901 οἰκεῖ
838 837 870 900 ἐν
892 838 993 922 ύμῖν“.
1024 837 1075 901 καὶ
1096 836 1187 900 πάλιν
1206 836 1289 920 λέγει
1313 838 1361 916 ,εί
1380 839 1416 902 δέ

301 933 335 996 τδ
362 939 485 1018 πνεῦμα
514 938 568 997 τοῦ
599 935 772 1019 ἐγείραντος
789 934 911 1018 Ἰησοῦν
936 933 970 999 ἐκ
995 939 1109 1017 νεκρῶν
1134 935 1214 998 οἰκεῖ
1234 934 1266 998 ἐν
1292 936 1373 1019 ύμῖν,
1398 937 1416 1000 δ

302 1029 422 1115 ἐγείρας
448 1031 571 1117 χριστθν
593 1032 628 1096 ἐκ
649 1037 764 1117 νεκρῶν
789 1033 977 1116 ζωοποιήσει
1000 1032 1051 1096 καὶ
1073 1030 1111 1094 τέ
1131 1030 1228 1116 θνητὰ
1250 1032 1334 1117 ὑμῶν
1359 1035 1416 1098 σύ·

302 1151 384 1212 ματα
407 1128 458 1193 διὰ
477 1132 532 1192 τοῦ
556 1129 746 1200 ἐνοικοῦντος
766 1131 862 1195 αύτοῦ
886 1129 1059 1214 πνεύματος
1072 1128 1103 1192 ἐν
1119 1129 1220 1213 ύμῖν“.
1253 1131 1303 1194 καὶ
1325 1131 1415 1194 πάλιν

266 1225 395 1304 δ,ύσοι
422 1225 572 1311 πνεύματι
599 1227 676 1292 θεοῦ
705 1228 847 1313 ἄγονται,
878 1225 964 1290 οῦτοι
990 1226 1050 1290 υίοὶ
1078 1226 1154 1288 θεοῦ
1180 1227 1268 1290 εἰσιν·
1299 1227 1335 1292 ού
1358 1227 1415 1314 γὰρ

302 1324 429 1410 ἐλάβετε
447 1329 568 1408 πνεῦμα
589 1326 732 1394 δουλείας
752 1328 843 1390 πάλιν
864 1324 908 1392 είς
925 1322 1034 1409 φόβον,
1057 1323 1126 1387 ἀλλ’
1149 1324 1276 1410 ἐλάβετε
1295 1331 1416 1410 πνεῦμα

301 1421 469 1499 υἱοθεσίας,
492 1421 523 1485 ἐν
544 1419 570 1507 ᾦ
591 1423 743 1507 κράζομεν
762 1423 863 1508 Ἀββά
877 1426 894 1487 δ
907 1423 1039 1508 πατήρ“.
1070 1423 1122 1486 καὶ
1140 1423 1231 1486 πάλιν
1247 1423 1415 1506 ,ἀλήθειαν

300 1516 382 1601 λέγω
400 1511 435 1582 ’ἐν
457 1517 585 1606 χριστιγῦ,
615 1519 651 1583 οῦ
675 1519 849 1605 ψεύδομαι,
873 1520 1149 1605 συμμαρτυρούσης
1172 1542 1225 1604 μοι
1246 1523 1299 1602 τῦης
1321 1543 1415 1584 συνει-

300 1617 421 1700 δησεύις
441 1639 502 1699 μου
517 1616 548 1680 ἐν
561 1617 709 1702 πνεύματι
731 1617 840 1703 ἁγίιμ“.
868 1617 920 1680 καὶ
939 1617 1028 1681 πάλιν
1052 1620 1089 1694 ,ύ
1112 1618 1147 1680 δέ
1169 1616 1242 1686 θεὸς
1261 1620 1314 1701 τῆς
1335 1616 1414 1680 ἑλπί·

244 1727 285 1782 ἰο
302 1714 355 1782 δος
380 1715 544 1799 πληρῶσαι
573 1714 652 1799 ὑμᾶς
679 1716 780 1800 πάσης
806 1719 906 1801 χαρᾶς
927 1715 978 1778 καὶ
1000 1703 1122 1798 είρήνης
1144 1715 1175 1776 ἐν
1199 1720 1243 1800 τῷ
1264 1714 1414 1780 πιστεύειν

301 1811 345 1880 εἰς
374 1810 409 1874 τδ
439 1811 630 1896 περισσεύειν
657 1813 737 1896 ύμῦς
765 1812 797 1876 ἐν
821 1816 861 1896 τῇ
891 1811 991 1875 ἐλπίδι
1022 1809 1053 1873 ἐν
1087 1811 1215 1895 δυνάμει
1242 1811 1416 1896 πνεύματος

300 1908 420 1991 ἀγίου“.
452 1909 504 1972 καλ
522 1909 614 1973 πάλιν
634 1912 726 1996 φησὶν
745 1915 809 1980 τοῖς
829 1910 934 1978 αὐτοῖς
947 1905 1118 1992 Ῥωμαίοις
1136 1911 1263 1995 γράφων
1285 1913 1415 1996 ,τολμη-

267 2023 274 2030 “
301 2003 435 2089 ροτέρως
454 2005 490 2069 δέ
513 2003 635 2093 ἔγραψα
658 2007 728 2091 ύμῖν
751 2008 812 2072 ἀπδ
837 2006 951 2091 μέρους
974 2009 1017 2075 ῶς
1041 2005 1317 2092 ἐπαναμιμνήσκων
1338 2010 1416 2094 ύμῦις

300 2102 351 2166 διὰ
376 2103 430 2187 τὴν
457 2105 545 2189 χάριν
569 2107 623 2188 τὴν
645 2105 790 2168 δοθεῖσάν
817 2128 869 2190 μοι
892 2104 1027 2168 ἀπὸτοῦ
1051 2103 1127 2168 θεοῦ
1143 2105 1196 2194 είς
1217 2105 1250 2168 τδ
1275 2106 1356 2170 εἶναί
1376 2129 1415 2190 με

250 2216 283 2270 15
301 2201 475 2285 λειτουργὸν
496 2200 599 2287 Ἰησοῦ
622 2206 748 2288 χριστοῦ
772 2202 815 2272 είς
836 2201 874 2265 τὰ
896 2199 981 2286 ἔθνη,
1013 2203 1249 2287 λειτουργοῦντα
1269 2205 1302 2268 τὸ
1327 2203 1414 2288 εῦαγ-
1549 2257 1553 2264 .

299 2297 401 2382 γύλιον
422 2302 477 2361 τοῦ
499 2299 588 2377 θεοῦ,
614 2300 664 2364 ίνα
681 2299 805 2384 γένηται
825 2300 845 2382 ἡ
864 2297 1030 2383 προσφορὰ
1048 2303 1108 2362 τῶν
1131 2299 1228 2362 ἐθνῶν
1250 2299 1414 2386 εύπρύσδε-

299 2418 369 2464 κτος
390 2393 461 2481 [87]
484 2398 654 2482 ἡγιασμένη
677 2396 709 2459 ἐν
729 2395 879 2481 πνεύματι
891 2397 982 2482 ἁγίῳ·
1005 2394 1070 2482 ἔχω
1085 2395 1139 2460 οῦν
1153 2398 1205 2480 τὴν
1219 2399 1369 2484 καύχησιν
1382 2399 1414 2464 ἐν

298 2493 415 2580 χριστῷ
438 2492 544 2576 Ἰησοῦ
572 2493 609 2557 τὰ
629 2497 706 2580 πρὸς
726 2497 776 2560 τδν
798 2492 889 2556 θεύν·
923 2492 960 2556 ού
983 2491 1041 2577 γὰρ
1063 2496 1168 2578 τολμῶ
1193 2519 1221 2558 τι
1242 2497 1347 2562 λαλεῖν
1371 2498 1414 2560 ῶν

300 2591 337 2655 οῦ
357 2591 577 2676 κατειργάσατο
600 2593 724 2677 χριστὸς
747 2592 786 2656 δι’
813 2591 891 2675 ἐμοῦ
916 2591 960 2660 είς
981 2591 1118 2675 ὑπακοὴν
1142 2591 1240 2658 ἐθνῶν
1262 2592 1415 2679 λύγιμκαλ

248 2703 284 2758 w
301 2687 398 2776 ἐργιρ,
429 2686 461 2752 ἐν
482 2688 611 2772 δυνάμει
632 2689 768 2774 σημείων
790 2689 842 2753 καὶ
864 2689 1017 2774 τεράτων,
1042 2687 1073 2752 ἐν
1095 2689 1223 2773 δυνάμει
1243 2690 1416 2775 πνεύματος

301 2786 423 2870 δγίου“.
456 2786 507 2849 καλ
526 2788 618 2850 πάλιν
638 2790 828 2873 ,παρακαλῶ
849 2787 885 2850 δέ
902 2777 990 2871 ὑμᾶς,
1011 2786 1153 2872 ἀδελφοί,
1174 2785 1225 2850 διὰ
1239 2791 1293 2851 τοῦ
1308 2789 1413 2874 κυρίου

299 2886 388 2968 ἡμῶν
406 2881 512 2968 Ἰησοῦ
534 2889 660 2970 χριστοῦ
680 2884 732 2948 καὶ
756 2883 807 2948 διά
822 2889 879 2969 τῆς
899 2885 1018 2967 ἀγάπης
1039 2887 1093 2947 τοῦ
1113 2883 1317 2967 πνεύματος“.
1363 2887 1415 2950 καί

300 2985 397 3047 ταῦτα
424 2982 480 3066 μέν
505 2981 673 3066 γέγραπται
702 2981 733 3045 ἐν
763 2988 802 3067 τῇ
830 2983 907 3067 πρὸς
924 2977 1105 3064 Ῥωμαίους
1130 2979 1295 3067 ἐπιστολῇ,
1324 2982 1356 3045 ἐν
1379 2984 1414 3047 δέ

299 3085 339 3164 τῇ
363 3081 440 3165 πρὸς
463 3076 647 3165 Κορινθίους
666 3081 757 3144 πάλιν
779 3080 877 3163 λέγει·
913 3079 979 3157 ,δτι
1001 3080 1017 3142 δ
1039 3074 1132 3160 λύγος
1153 3099 1212 3161 μου
1234 3079 1340 3143 καὶτὸ
1363 3081 1413 3165 κή-

247 3189 283 3245 w
301 3179 401 3263 ρυγμά
424 3201 484 3263 μου
512 3176 569 3241 οὐκ
593 3175 625 3239 ἐν
647 3177 767 3247 πειθοῦς
789 3176 983 3263 ἀνθρωπίνης
1006 3174 1118 3260 σοφίας
1140 3174 1259 3257 λύγοις,
1288 3176 1356 3240 ἀλλ’
1381 3177 1413 3240 ἐν

299 3275 456 3347 ἀποδείξει
473 3274 648 3359 πνεύματος
668 3275 721 3338 καὶ
743 3275 914 3359 δυνάμεως,
935 3273 985 3338 ίνα
1007 3274 1026 3356 η
1050 3271 1147 3340 πίστις
1167 3273 1255 3356 ἡμῶν
1280 3274 1321 3358 μὴ
1343 3271 1413 3360 ῇέν

299 3373 395 3459 σοφία
416 3373 590 3458 ἀνθρώπων
612 3370 682 3435 ἀλλ’
709 3371 741 3435 ἐν
764 3373 894 3456 δυνάμει
914 3371 1022 3434 θεοῦ“.
1056 3369 1107 3433 καὶ
1127 3370 1217 3433 πάλιν
1241 3369 1323 3454 λέγει
1348 3370 1415 3450 ,ὅτι
1547 3365 1549 3370 ’

298 3469 404 3539 καθῶς
433 3468 601 3554 γίγραπται
619 3465 664 3532 Ἃ
693 3469 858 3554 δφθαλμδς
888 3469 945 3534 οῦκ
972 3466 1052 3531 είδεν
1089 3467 1141 3530 καὶ
1168 3465 1223 3536 οῦς
1244 3467 1301 3532 ούκ
1321 3467 1413 3553 ἥκου-

296 3562 351 3630 ’σεν
372 3568 424 3631 καί
444 3565 495 3630 ἐπί
514 3567 642 3652 καρδίαν
663 3565 830 3649 ἀνθρώπου
853 3565 910 3630 οῦκ
932 3564 1045 3652 ἀνέβη,
1073 3563 1093 3628 ἀ
1114 3566 1131 3628 δ
1153 3563 1227 3634 θεὸς
1247 3565 1413 3651 ἡτοίμασε-ν

247 3677 283 3734 ω
299 3667 363 3734 τοῖς
384 3663 542 3747 ἀγαπῶσιν
560 3662 663 3741 αύτδν,
685 3664 758 3747 ἡμῖν
777 3663 812 3727 δέ
827 3665 842 3727 δ
857 3663 929 3733 θεδς
942 3657 1137 3748 ἀπεκάλυψεν
1152 3661 1203 3726 διά
1215 3665 1269 3726 τοῦ
1282 3664 1413 3748 πνεῦμα·

298 3783 362 3831 τος·
384 3761 418 3825 τδ
437 3759 496 3845 γάρ
515 3764 638 3845 πνεῦμα
658 3764 755 3826 πάντα
770 3758 881 3846 ἐρευνᾷ
895 3761 946 3826 καί
959 3759 997 3824 τά
1011 3759 1091 3846 βάθη
1107 3763 1161 3824 τοῦ
1177 3760 1274 3824 θεοῦ·
1299 3761 1342 3830 τίς
1355 3761 1413 3846 γάρ

298 3859 381 3922 οίδεν
413 3859 586 3943 ἀνθρώπων
618 3857 656 3922 τά
684 3862 739 3922 τοῦ
763 3858 941 3942 ἀνθρώπου,
972 3859 1001 3922 εί
1021 3858 1063 3942 μὴ
1086 3859 1120 3922 τδ
1143 3861 1265 3942 πνεῦμα
1286 3863 1341 3922 τοῦ
1364 3859 1413 3922 ἀν·
1548 3943 1551 3950 ⁴

297 3955 427 4041 θρῶπου
456 3957 491 4022 τδ
520 3956 552 4020 ἐν
578 3954 678 4043 αύτῷς
709 3955 809 4027 ούτως
834 3957 886 4022 καὶ
910 3955 948 4020 τὰ
967 3961 1022 4020 τοῦ
1045 3957 1122 4020 θεοῦ
1145 3956 1248 4025 οῦδελς
1270 3952 1413 4039 ἔγνωκεν,

299 4053 327 4116 εί
353 4054 395 4138 μὴ
422 4055 457 4118 τδ
477 4059 599 4138 πνεῦμα
618 4058 673 4118 τοῦ
696 4054 805 4118 θεού“.
847 4055 899 4118 καὶ
920 4056 1010 4120 πάλιν
1032 4053 1116 4138 λέγει
1140 4055 1289 4140 ,ψυχικδς
1308 4053 1344 4117 δέ
1364 4051 1413 4116 ἀν-

247 4165 283 4221 ³5
300 4151 426 4235 θρωπος
438 4150 475 4215 ού
490 4151 614 4238 δέχεται
632 4150 671 4215 τά
690 4155 745 4216 τοῦ
765 4153 938 4236 πνεύματος
955 4156 1010 4216 τοῦ
1030 4152 1138 4216 θεοῦ“.
1186 4152 1261 4236 δρᾷς
1280 4149 1326 4214 ύτι
1341 4172 1413 4214 παν-

298 4253 396 4334 ταχοῦ
419 4253 472 4333 τῦγς
493 4254 614 4335 γραφῆς
633 4255 755 4335 πνεῦμα
776 4250 953 4336 κηρύττεται
972 4251 1024 4315 καὶ
1046 4248 1187 4337 οῦδαμοῦ
1208 4250 1324 4314 κτιστδν
1348 4249 1413 4312 ύνο·

300 4346 441 4429 μάζεταις
463 4348 493 4412 τί
512 4346 539 4412 δ’
563 4346 599 4412 ἀν
622 4346 746 4412 εἴπωσιν
766 4349 796 4412 οί
809 4349 943 4436 ἀσεβεῖς,
966 4353 1020 4413 τοῦ
1041 4349 1148 4433 κυρίου
1172 4346 1415 4415 ἀποστέλλοντος

298 4442 371 4514 τούς
394 4445 535 4530 μαθητὰς
566 4445 739 4533 ,βαπτίζειν
767 4444 799 4508 ἐν
826 4445 953 4531 δνύματι
979 4451 1034 4511 τοῦ
1052 4447 1174 4532 πατρὸς
1194 4445 1246 4510 καὶ
1266 4447 1321 4508 τοῦ
1345 4444 1413 4508 υἱοῦ

297 4541 349 4606 καλ
370 4545 426 4606 τοῦ
449 4542 538 4626 ἁγίου
559 4542 771 4629 πνεύματος“ς
798 4543 1024 4631 ἀναντιρρήτως
1042 4545 1202 4631 κοινωνίαν
1218 4543 1270 4608 καλ
1285 4540 1415 4627 ἐνύτητα
