3517 5434
280 679 285 697 '
386 682 423 736 90
764 682 839 742 Νοῦς
855 681 926 752 πρὸς
938 677 1041 752 Ἑρμῆν.
1319 701 1376 750 cap.
1399 682 1442 734 ll.

386 840 461 924 περὶ
492 832 554 917 τὴν
585 839 662 922 γῆν,
700 836 756 901 καὶ
793 831 877 920 μήτε
917 830 961 900 τὰ
1000 827 1090 912 δεξιὰ
1122 833 1175 897 ἐπὶ
1210 827 1252 897 τὰ
1285 831 1443 922 ἀριστερὰ

386 946 468 1035 μήτε
501 943 543 1012 τοὶ
582 940 738 1034 ἀριστερὰ
771 947 824 1011 ἐπὶ
856 940 899 1010 rui
938 939 1027 1024 δεξιοὶ
1057 939 1138 1028 μήτε
1169 936 1212 1008 τὰ
1245 939 1313 1010 ἅνω
1353 943 1441 1012 κάτω

385 1056 467 1145 μήτε
489 1052 531 1124 τὰ
552 1055 640 1123 κάτω
669 1052 747 1122 ἄνω.
791 1058 848 1120 καὶ
877 1051 929 1120 ὅτι
957 1050 1067 1118 πάντα
1096 1055 1202 1118 ταῦτα
1230 1053 1384 1136 γεννητοέ,
1414 1049 1476 1121 uit

386 1171 524 1258 φίλτατε
555 1166 666 1254 Ἑρμῆ,
696 1165 756 1233 οὐκ
784 1168 831 1230 ἔτι
861 1167 942 1249 ἐμοῦ
968 1160 1093 1254 χρῄζεις
1122 1167 1265 1250 μαθεῖν·
1293 1169 1348 1231 καὶ
1374 1162 1439 1252 γὰρ

385 1275 524 1364 σώματά
547 1285 615 1345 ἐστι
635 1281 691 1344 καὶ
711 1271 824 1368 ψυχὴν
845 1277 985 1362 ἔχεικαὶ
1007 1286 1151 1341 κινεῖται.
1197 1278 1302 1342 ταῦτα
1330 1279 1364 1342 δὲ
1395 1283 1439 1353 εὶς

385 1391 420 1455 ἓν
442 1392 617 1455 συνελθεῖν
642 1384 808 1454 ἀδύνατον
829 1388 931 1471 χωρὶς
956 1387 1016 1450 τοῦ
1042 1383 1252 1471 συνάγοντος.
1308 1388 1357 1452 δεῖ
1379 1379 1437 1453 οὖν
1457 1401 1474 1450 6

340 1501 359 1567 9
383 1523 457 1564 τινα
487 1499 571 1565 εἶναι
597 1501 715 1565 τοῦτον
740 1500 796 1562 καὶ
823 1499 976 1562 τοιοῦτον
1002 1493 1133 1574 πάντας
1155 1503 1232 1562 ἕνα·
1267 1495 1438 1585 διαφόρων

385 1602 452 1695 γάρ
485 1613 541 1674 καὶ
574 1611 705 1674 πολλῶν
737 1605 846 1674 οὐσῶν
872 1609 939 1674 τῶν
964 1601 1122 1686 κινήσεων
1149 1609 1204 1672 καὶ
1232 1609 1298 1672 τῶν
1324 1605 1436 1692 σωμά-

349 1713 354 1720 ’
385 1741 452 1784 των
480 1717 540 1804 οὐχ
568 1717 707 1805 ὁμοίων,
735 1720 814 1804 μιᾶς
841 1718 876 1783 δὲ
904 1712 991 1782 κατὰ
1017 1715 1150 1783 πάντων
1176 1714 1355 1802 ταχύτητος
1387 1733 1472 1784 τε-9

384 1833 560 1913 ταγμέυης,
594 1826 760 1896 ἀδύνατον
788 1824 847 1894 δύο
870 1822 893 1908 ἢ
915 1830 1045 1905 πλείους
1074 1825 1213 1908 ποιητὰς
1239 1825 1330 1893 εἶναι.
1376 1831 1437 1912 μία

383 1934 448 2025 γὰρ
489 1943 540 2006 ἐπὶ
581 1942 713 2005 πολλῶν
747 1939 786 2006 οὐ
820 1947 968 2025 τηρεῖται
1006 1935 1111 2018 τάξις·
1161 1939 1258 2018 ζῆλος
1300 1941 1334 2004 δέ
1370 1947 1438 2015 τοῖς

384 2048 639 2136 ἀσθενεστέροις
660 2056 846 2140 παρέψεται
867 2051 928 2114 τοῦ
948 2051 1133 2136 κρείττονος
1147 2053 1202 2115 καὶ
1218 2052 1349 2138 ἐριοῦσι.
1383 2051 1438 2115 καὶ
1457 2067 1491 2118 12

385 2166 412 2224 al
436 2166 544 2247 ῖτερος
565 2151 608 2241 ἦν
631 2160 649 2226 ὁ
672 2157 811 2242 ποιητὴς
832 2162 899 2225 τῶν
920 2161 1135 2243 μεταβλητῶν
1163 2158 1252 2242 ζῶον
1273 2163 1329 2226 καὶ
1350 2165 1438 2240 θνὴ-

384 2271 464 2347 τῶν,
487 2268 698 2354 ἐπεθύμησεν
720 2266 763 2336 ῶν
784 2274 840 2336 καὶ
863 2267 1060 2345 ἀθανάτους
1081 2275 1232 2352 ποιῆσαν,
1254 2267 1360 2358 ῶσπερ
1382 2273 1438 2336 καὶ

386 2375 405 2441 ὁ
435 2379 501 2442 τῶν
533 2375 721 2447 ἀθανάτων
750 2375 908 2459 θνητούς.
961 2384 1040 2469 φέρε
1070 2375 1111 2461 δὴ
1141 2387 1168 2446 εὶ
1196 2385 1252 2448 καὶ
1281 2378 1338 2448 δύο
1368 2383 1436 2462 alul,
1455 2399 1489 2452 15

456 2577 482 2630 6.
506 2576 543 2644 ἓν]
567 2579 613 2631 ἕνα
634 2581 666 2632 A.
743 2579 768 2631 7.
786 2582 912 2632 τοιοῦτον
935 2599 986 2632 om.
1004 2580 1052 2632 AB
1071 2581 1150 2637 Turn.
1171 2577 1184 2650 Η
1227 2573 1295 2638 εἶναι
1316 2584 1438 2636 τοιοῦτον

455 2664 501 2714 καλ
524 2663 630 2725 πάντας
654 2666 730 2730 Verg.
747 2665 828 2718 Fluss.
866 2659 881 2734 {l
963 2679 1018 2718 ante
1041 2667 1175 2740 διαφόρων
1193 2668 1240 2718 ΑΒ
1259 2669 1337 2719 Turn.
1356 2669 1437 2722 Fluss.

455 2748 511 2800 add.
530 2751 564 2800 ir.
630 2748 672 2801 lt.
692 2745 907 2821 ἀσθενεστέροις]
927 2753 1033 2812 πολλοῖς
1051 2753 1097 2804 ΑΒ
1117 2753 1196 2808 Turn.
1215 2753 1297 2804 Fluss.
1316 2748 1328 2822 ΙΙ
1367 2774 1437 2824 παρ-

454 2838 546 2887 έπεται
559 2833 614 2886 ΑΒ.
633 2830 648 2905 Η
685 2835 923 2909 καλτυεελριοῦσι]
943 2835 1010 2890 ὅθεν
1029 2841 1108 2910 ἴριδες
1127 2838 1192 2891 Patr.
1214 2835 1227 2908 Η
1264 2837 1372 2910 incolui]
1391 2837 1437 2910 ἐρῶ

454 2940 499 2974 σοι
516 2919 562 2971 ΑΒ
580 2921 656 2986 Patr„
674 2919 750 2994 ἰρῶστ
768 2925 840 2990 Verg.
881 2921 924 2976 14.
943 2919 1158 2984 ltelacrumas
1176 2938 1199 2976 et
1211 2922 1348 2994 θνητούς]
1367 2924 1436 2976 εἰτΒ

453 3005 530 3070 Patr„
542 3001 673 3060 ἀθάνατα
690 3023 715 3060 et
731 3007 830 3080 θνητά.
849 3009 962 3062 ATurn.
982 3011 1062 3062 Fluss.
1115 3009 1154 3062 l5.
1166 3008 1200 3076 el]
1219 3006 1262 3070 ὅτι
1281 3010 1336 3076 ΑΒ,
1356 3007 1397 3063 ὅτι
1414 3014 1437 3062 ei

457 3090 524 3143 Patr.

383 3271 471 3324 amnia
488 3268 568 3347 plena
587 3280 650 3326 sunt
668 3273 769 3326 animae
786 3282 815 3326 et
831 3272 919 3325 omnia
932 3269 965 3323 ab
978 3289 1008 3323 ea
1021 3269 1132 3343 proprie
1148 3277 1228 3334 mota,
1245 3268 1311 3322 haec
1329 3271 1437 3343 quidem

383 3373 453 3426 eirca
472 3371 588 3438 eaelum,
606 3369 652 3424 illa
671 3388 737 3424 vero
755 3373 825 3424 circa
843 3378 953 3433 terram,
976 3385 1064 3440 neque
1082 3365 1174 3418 dextra
1193 3367 1220 3420 in
1239 3367 1374 3422 sinistram
1392 3388 1437 3425 ne-

383 3476 436 3532 que
459 3457 567 3512 sinistra
595 3457 623 3510 in
646 3451 767 3508 dextram
788 3469 877 3524 neque
903 3467 999 3524 supera
1021 3445 1055 3502 ad
1078 3447 1161 3504 infera
1183 3469 1271 3527 neque
1297 3451 1380 3509 infera
1404 3454 1436 3510 ad

384 3561 489 3619 supera.
526 3551 554 3597 et
571 3541 637 3596 haee
656 3538 743 3592 omnia
755 3536 843 3608 genita
855 3549 928 3599 esse,
945 3535 1155 3590 oamantissime
1173 3535 1294 3605 Hermes,
1311 3559 1365 3595 non
1384 3562 1437 3596 am-

382 3628 455 3704 plius
473 3647 516 3682 me
533 3625 638 3698 indiges
656 3620 809 3686 addiscere3
833 3609 930 3673 etenim
949 3639 1062 3697 corpora
1082 3631 1145 3676 sunt
1163 3633 1190 3678 et
1208 3626 1319 3680 animam
1337 3625 1437 3684 habent

383 3723 410 3766 et
428 3721 577 3765 moventur.
615 3709 680 3762 haec
703 3715 790 3760 autem
808 3707 835 3761 in
853 3725 935 3762 unum
957 3708 1030 3763 coire
1048 3720 1186 3783 nequeunt
1214 3713 1271 3766 siue
1294 3731 1437 3790 congrega-

381 3807 448 3850 τοτε.
495 3801 604 3868 oportet
625 3794 708 3864 igitur
730 3791 845 3870 aliquem
871 3811 932 3848 esse
958 3791 1030 3850 hunc
1052 3803 1079 3850 et
1101 3795 1181 3852 talem
1210 3801 1317 3854 omnino
1345 3821 1433 3855 unum.

382 3901 442 3936 nam
462 3898 522 3935 cum
540 3876 695 3934 differentes
713 3888 741 3935 et
758 3877 856 3935 multae
874 3881 930 3934 sint
947 3883 1081 3938 motiones
1101 3892 1128 3938 et
1146 3903 1258 3961 corpora
1271 3903 1325 3939 non
1338 3883 1434 3938 similia

382 3977 479 4022 etune
497 3963 626 4020 velocitas
644 3966 672 4020 in
690 3965 814 4021 omnibus
833 3964 962 4034 ordinata,
981 3969 1150 4046 impossibile
1169 3981 1210 4026 est
1228 3969 1296 4024 duos
1315 3979 1358 4022 aut
1376 3967 1434 4044 plu-

383 4071 427 4106 res
451 4050 566 4105 lactares
589 4071 658 4107 esse.
693 4071 763 4108 unus
785 4052 901 4106 enimin
919 4053 1010 4109 multis
1028 4075 1082 4110 neu
1101 4065 1224 4110 servatur
1242 4052 1323 4118 ord03
1346 4073 1434 4108 aemu-

382 4137 446 4192 latio
473 4153 587 4211 namque
613 4139 788 4194 infirmiorum
811 4139 839 4191 in
866 4142 1085 4212 praestantiorem
1114 4147 1334 4212 consequeretur,
1364 4139 1434 4194 unde

382 4223 577 4278 contentiones.
614 4232 641 4276 et
659 4226 684 4278 si
701 4223 769 4280 alius
788 4231 862 4277 esset
878 4221 964 4280 laetor
975 4225 1139 4281 mutabilium
1153 4222 1303 4278 animalium
1322 4235 1349 4279 et
1367 4245 1435 4280 mor·

381 4309 488 4375 talium,
508 4309 712 4386 concupisceret
729 4311 807 4362 etiam
829 4309 986 4364 immortalia
1006 4309 1105 4375 lacere,
1128 4310 1209 4364 sicuti
1227 4308 1313 4366 laetor
1330 4311 1434 4366 immor-

380 4395 473 4452 talium
494 4394 624 4451 mortalia.
665 4413 713 4470 age
735 4413 814 4461 varo,
843 4394 942 4470 quodsi
964 4397 1042 4451 etiam
1066 4395 1119 4451 duo
1148 4397 1215 4464 sint,
1239 4416 1298 4452 cum
1323 4418 1373 4452 una
1398 4398 1435 4450 sit
