3517 5434
872 496 892 560 τ
1241 581 1243 586 ,
1349 512 1440 574 ιιι

291 661 320 722 δὲ
555 652 650 748 βῆναι
678 662 718 726 τὰ
749 662 870 726 ἐναντία
901 661 1074 746 ἑκατέροις,
1112 663 1187 748 ὅπερ
1223 662 1286 728 ἐστὶ
1317 665 1439 730 πάντων

289 761 318 820 οἱ1
562 759 706 846 ἀγενήτῳ
727 759 785 844 γὰρ
804 759 895 822 οὐδὲν
920 759 1144 845 ἐπισυμβαίνει·
1174 757 1279 847 ᾦγὰρ
1303 764 1336 827 τὸ
1362 761 1441 826 εἶναι

289 882 312 918 τ’
539 881 564 939 η,
586 855 689 942 τοότιρ
717 857 793 922 οὐδὲ
818 859 853 922 τό
874 853 1007 920 τοιιῖισδε
1036 855 1113 922 εἶναι
1140 858 1156 924 θ
1180 859 1220 943 μὴ
1245 858 1292 944 εἴη
1315 859 1439 944 ἐπισυμ·

537 955 643 1038 ιη’τονν
667 955 722 1037 μὲν
751 952 804 1017 οόν
828 953 1023 1039 ἐναντιότητα
1045 955 1124 1020 ἔστιν
1147 955 1179 1018 ἐν
1202 960 1264 1026 τοῖς
1287 955 1371 1020 οὐσιν
1394 957 1441 1020 τό·

524 1073 534 1084 ’
563 1051 603 1116 ὐὶ
634 1049 786 1135 οὐδαμοῦ.
831 1053 940 1116 λευκόν
975 1052 1032 1138 γὰρ
1062 1054 1138 1137 πρὸς
1166 1051 1261 1136 μέλαν
1293 1053 1472 1123 ἐναντίωςό

526 1171 561 1210 ον
583 1148 620 1210 δὲ
644 1147 676 1212 ἐν
696 1151 816 1231 σώματι
834 1153 872 1231 σή
894 1149 989 1214 αὐτοῦ
1011 1150 1110 1234 οὐσίᾳ.
1146 1147 1212 1234 ἔχει
1236 1149 1339 1233 μέντοι
1362 1149 1440 1218 αὐτὰ

513 1245 624 1317 ιντίιος
648 1247 724 1330 πρὸς
744 1245 884 1330 ἄλληλα,
911 1250 953 1329 πῆ
983 1249 1018 1316 δὲ
1047 1246 1103 1312 οὐκ
1127 1246 1276 1316 ἐναντίως.
1316 1252 1438 1334 πρῶτον

516 1344 523 1364 ’
543 1341 577 1404 ἓν
601 1343 690 1425 γένος
710 1343 776 1406 ἐστί
796 1348 925 1430 (χρῶμα
944 1344 1001 1430 γὰρ
1022 1347 1183 1430 ἑκάτερα),
1214 1343 1318 1410 ἔπειτα
1342 1345 1370 1409 εί
1388 1345 1440 1410 καὶ

510 1461 544 1503 αι
568 1439 675 1516 δοκεῖ,
703 1443 784 1505 ἀλλά
814 1465 850 1523 γε
880 1447 920 1525 τῇ
953 1442 1024 1527 όψει
1049 1443 1197 1512 ποικίλως
1214 1442 1364 1526 προσάγει
1384 1443 1437 1526 τήν

544 1536 711 1622 οὐδέτερον
729 1539 787 1623 γὰρ
810 1539 914 1602 αὐτοῖν
938 1543 977 1622 τῇ
998 1539 1189 1623 ἀσυμμετρία
1205 1542 1297 1604 λυπεῖ
1315 1539 1438 1624 ταύτην.
1458 1549 1491 1609 10

498 1634 562 1718 ήδη
587 1635 680 1719 ἀρετή
701 1659 735 1700 τε
753 1639 806 1700 καὶ
824 1637 916 1700 κακία
937 1635 968 1698 ἐν
991 1640 1088 1722 ψυχή,
1110 1640 1152 1706 ὡς
1178 1635 1297 1700 ἐναντία
1320 1636 1374 1720 μὲν
1387 1637 1439 1700 καὶ

519 1730 617 1815 μόνον
639 1733 675 1798 δὲ
700 1733 732 1796 ἐν
750 1740 790 1819 τή
812 1734 892 1818 αὐτή
918 1732 1022 1816 οὐσία,
1051 1731 1133 1796 ἀλλὰ
1157 1733 1209 1796 καὶ
1232 1732 1263 1794 ἐν
1290 1733 1334 1794 ἑνὶ
1357 1730 1439 1814 γένει

484 1830 585 1892 ,όεται
604 1829 680 1910 (ἕξις
698 1831 756 1916 γὰρ
778 1831 934 1916 ἑκατέρα),
954 1827 1039 1892 ἅτινα
1055 1830 1106 1892 καὶ
1122 1832 1165 1898 ὡς
1182 1827 1439 1913 ἐπισυμβαίνοντα

476 1928 621 2011 .πάρχει,
648 1928 721 1991 όθεν
749 1930 801 1994 καὶ
830 1927 1070 2012 άποσυμβοιίνειν
1099 1926 1266 2012 ἐνδέχεται,
1291 1929 1344 2008 τῆς
1364 1923 1438 2012 ἐνή

483 2049 502 2088 α
533 2023 649 2088 ἄλλοτε
671 2025 775 2094 ἄλλοις
803 2024 1012 2109 διακειμένης·
1046 2029 1088 2094 ὡς
1112 2023 1190 2088 εἶναι
1213 2025 1324 2105 δῆλον,
1342 2025 1400 2092 όις
1420 2026 1436 2090 ό
1458 2032 1490 2094 ίό

494 2126 552 2205 τῆς
576 2122 685 2192 οὐσίας
712 2123 805 2205 λόγος
833 2123 1024 2207 ἀφώρισται,
1055 2124 1071 2186 ό
1102 2123 1137 2186 δὲ
1164 2121 1233 2205 περὶ
1258 2125 1317 2184 τῶν
1343 2122 1438 2208 ταότη

465 2219 602 2282 ,ινόντσνν
626 2219 732 2303 ἕτερος
753 2222 906 2306 τυγχάνει.
951 2221 1050 2284 καίτοι
1068 2223 1102 2285 τό
1126 2221 1181 2304 μὲν
1204 2217 1314 2282 λευκόν
1333 2241 1366 2282 τε
1388 2221 1440 2286 καὶ

467 2340 527 2380 στιν
555 2317 609 2380 ότε
631 2319 682 2381 καὶ
709 2322 753 2386 όνς
779 2318 939 2401 άχιόριστα
965 2317 1131 2404 ἐνυπάρχει
1158 2321 1221 2386 τοῖς
1242 2317 1273 2380 ἐν
1298 2318 1344 2388 οἷς
1365 2317 1438 2394 ἐστι,

467 2437 481 2482 3
504 2415 610 2486 οὐδεὶς
629 2418 757 2480 πώποτε
780 2416 841 2479 ἀπὸ
862 2414 978 2480 τούτων
1003 2413 1163 2498 ὠνόμακεν
1195 2416 1309 2491 ἐκεῖνα,
1340 2416 1371 2478 ἐν
1394 2417 1440 2486 οίς

460 2534 505 2574 σα.
534 2513 639 2582 οὐδεὶς
661 2513 719 2597 γάρ
742 2512 879 2595 θελήσας
903 2514 983 2594 γάλα
1004 2517 1138 2595 σημῆναι
1160 2512 1230 2599 οὐχὶ
1244 2515 1360 2597 μᾶλλον
1378 2515 1437 2598 πρὸ
1455 2517 1491 2576 θ)

455 2607 470 2669 λ
495 2613 552 2671 τοῦ
575 2609 680 2679 εἴδους
701 2615 755 2693 τῆς
777 2609 884 2676 οὐσίας
906 2608 1056 2692 ὀνόματος
1072 2610 1214 2694 κειμένου
1226 2611 1437 2695 κατεχρήσατο

447 2703 644 2789 λευκότητος,
667 2706 717 2768 ίνα
739 2707 781 2790 μὴ
804 2704 874 2768 ἀνθ’
901 2705 968 2773 ἑνός
986 2705 1092 2768 ,πολλὰ
1115 2708 1271 2790 σημαίνειν
1296 2707 1369 2791 δόΕη
1394 2705 1439 2776 οἷς

445 2821 489 2863 ιν.
535 2801 617 2866 ἀλλὰ
640 2804 700 2887 μὴν
733 2805 785 2868 καὶ
811 2801 931 2885 κόρακα
955 2799 990 2863 οὐ
1022 2807 1066 2887 τηῖ
1096 2801 1205 2885 μέλανι
1238 2805 1437 2888 σημαίνομεν,

443 2902 536 2983 γῖτοιῖ
559 2899 641 2984 ζῴου
664 2903 716 2965 καὶ
743 2904 797 2964 τοῦ
822 2897 924 2968 εἴδους
944 2899 1080 2984 ὀνόματι.
1125 2897 1214 2962 αὗται
1236 2901 1290 2982 μὲν
1311 2897 1364 2962 οόν
1387 2901 1438 2964 καὶ

436 3021 455 3057 ιι
479 2997 651 3080 ἀχώριστοι
669 2997 840 3082 ποιότητες,
859 2997 953 3080 ἀρετὴ
979 2997 1013 3059 δὲ
1037 2997 1088 3060 καὶ
1107 2997 1199 3060 κακία
1222 2997 1252 3060 ἐν
1275 2994 1362 3082 ψυχή
1376 3002 1435 3060 τῶν
1454 3005 1489 3066 25

432 3097 608 3178 βαινουσῶν
628 3096 800 3178 ποιοτήτων
827 3095 913 3170 εἰσίν,
943 3097 986 3162 ίοτ
1014 3096 1130 3178 μᾶλλον
1153 3095 1316 3184 προσήκειν
1341 3095 1436 3180 μηδα-

428 3194 466 3256 πό
490 3191 609 3256 τοότων
629 3193 684 3276 τὴν
712 3191 818 3256 οὐσίαν
843 3193 906 3254 δεῖν
929 3192 982 3274 τὴν
1003 3190 1169 3275 ἀνθρώπου
1189 3193 1437 3276 κατηγορεῖσθαι,
1470 3224 1472 3229 ·

417 3291 442 3352 ’ὲ
467 3289 582 3373 ταότην
604 3290 689 3358 ίδίιος
711 3289 927 3373 σημαίνεσθαι.
970 3289 1071 3358 οὐδεὶς
1087 3293 1160 3372 γοῦν
1181 3291 1214 3356 τό
1237 3290 1267 3352 τί
1289 3289 1367 3354 ἐστιν
1388 3287 1436 3354 άν-

417 3409 441 3454 ις
468 3387 505 3452 ἐκ
526 3392 581 3470 τῆς
603 3387 732 3471 ἐνοόσης
750 3393 796 3473 τῷ
817 3388 873 3451 τινὶ
895 3387 1001 3457 κακίας
1023 3387 1186 3472 ἐσήμανεν,
1212 3386 1293 3452 ἀλλὰ
1314 3391 1435 3470 πρῶτον

409 3485 498 3553 ὐσίας
518 3489 553 3550 τὸ
580 3484 663 3553 εἶδος
691 3486 805 3564 εἰπών,
833 3485 899 3549 εἶτα
921 3487 972 3550 καί
994 3489 1027 3550 τὸ
1050 3487 1093 3554 τὶς
1111 3489 1287 3570 προσειπὼν
1309 3487 1434 3571 ὕστερον
1452 3489 1488 3547 80

414 3586 484 3663 ορεῖ
500 3583 555 3665 τὴν
577 3581 737 3664 ποιότητα.
772 3584 942 3666 ποιοτήτων
968 3585 1021 3667 μὲν
1039 3582 1092 3650 οὖν
1108 3583 1140 3665 (θ
1155 3585 1320 3670 προλαβὼν
1338 3583 1437 3668 εἶπον)

423 3699 467 3745 τις
495 3675 533 3740 ἂν
565 3676 597 3740 ἐν
626 3681 689 3747 τοῖς
719 3678 941 3762 όποβεβηκόσιν
966 3681 1160 3765 ἐναντιότητα
1182 3685 1241 3744 τῶν
1268 3681 1322 3766 μὲν
1343 3704 1435 3767 χωρι·

398 3821 406 3839 ,
428 3779 488 3836 τῶν
513 3773 549 3838 δὲ
571 3773 622 3836 καὶ
643 3775 839 3860 ἀχαρίστων·
864 3775 913 3840 ἐπὶ
938 3777 973 3840 δὲ
994 3781 1048 3840 τοῦ
1070 3777 1147 3840 θεοῦ
1167 3783 1251 3842 πᾶσα
1276 3779 1330 3862 μὲν
1351 3778 1434 3842 ποιό·

393 3869 587 3957 ἐκβίβληται,
610 3872 717 3956 ἐπειδή
738 3895 773 3954 γε
793 3871 884 3936 οὐδὲν
904 3872 947 3936 ὧν
971 3877 1110 3940 καλεῖται
1121 3875 1223 3959 ἕτερον
1249 3874 1323 3960 παρ’
1344 3873 1434 3939 αὐτόν

395 3972 448 4036 οὐς
466 3968 524 4054 γὰρ
548 3971 600 4032 καὶ
624 3969 790 4038 οῖσόνθετός
813 3969 918 4050 ἐστιν),
942 3970 1028 4053 ὅμως
1050 3973 1084 4036 δὲ
1106 3979 1145 4058 τή
1163 3973 1265 4057 ἐννοίᾳ
1276 3973 1308 4052 (ὃ
1321 3975 1433 4058 προλα-
1450 3979 1486 4034 ³5

390 4085 421 4132 ες
450 4065 600 4151 εἴπομεν)
628 4067 807 4151 προτερεόει
839 4069 873 4132 τό
905 4067 984 4136 εἶναι
1012 4074 1065 4134 τοῦ
1097 4069 1215 4134 τοιόνδε
1247 4070 1334 4140 εἶναι.
1386 4072 1434 4136 διό

381 4184 420 4226 ,εν
439 4161 647 4250 ἀναλὰβόντες
670 4168 723 4244 ὥς,
746 4166 774 4228 εί
795 4165 937 4250 ἑκάτερα,
958 4167 980 4230 οῖ
998 4189 1088 4252 φησιν
1106 4166 1183 4230 εἶναι
1201 4167 1332 4244 ἐναντία,
1344 4165 1435 4233 οὐσία

371 4260 403 4322 τά
430 4283 462 4324 τε
490 4263 541 4325 καὶ
574 4259 733 4344 άγίνητος-
748 4261 800 4342 (οὐ
830 4263 888 4347 γὰρ
920 4264 1116 4348 ἀρνηθεῖεν),
1149 4265 1168 4349 ἢ
1198 4263 1294 4350 άμφιυ
1320 4265 1433 4348 ἀγαθοί,

386 4358 502 4440 μᾶλλον
524 4360 603 4442 πρὸς
622 4358 657 4422 τό
685 4358 825 4445 εόρημον
848 4359 987 4448 εὐσεβῶς
1010 4360 1061 4425 διὰ
1083 4363 1117 4426 τὸ
1142 4359 1237 4432 ὄντος
1260 4360 1293 4426 όν
1317 4361 1434 4444 ἀγαθὸν
