<?xml version="1.0" encoding="UTF-8"?>
<!DOCTYPE html PUBLIC "-//W3C//DTD XHTML 1.0 Transitional//EN"
    "http://www.w3.org/TR/xhtml1/DTD/xhtml1-transitional.dtd">
<html xmlns="http://www.w3.org/1999/xhtml" xml:lang="en" lang="en">
 <head>
  <title>
</title>
<meta http-equiv="Content-Type" content="text/html;charset=utf-8" />
  <meta name='ocr-system' content='tesseract 3.04.00' />
  <meta name='ocr-capabilities' content='ocr_page ocr_carea ocr_par ocr_line ocrx_word'/>
</head>
<body>
  <div class='ocr_page' id='page_1' title='image "./poemander00trisgoog_0232.png"; bbox 0 0 3517 5434; ppageno 0'>
   <div class='ocr_carea' id='block_1_1' title="bbox 340 687 915 755">
    <p class='ocr_par' dir='ltr' id='par_1_1' title="bbox 340 687 915 755">
     <span class='ocr_line' id='line_1_1' title="bbox 340 687 915 755; baseline -0.012 -2"><span class='ocrx_word' id='word_1_1' title='bbox 340 703 364 753; x_wconf 88' lang='lat' dir='ltr'>B</span> <span class='ocrx_word' id='word_1_2' title='bbox 379 698 504 755; x_wconf 53' lang='lat' dir='ltr'>aaa.</span> <span class='ocrx_word' id='word_1_3' title='bbox 873 687 915 746; x_wconf 78' lang='lat'>6⁴</span> 
     </span>
    </p>
   </div>
   <div class='ocr_carea' id='block_1_2' title="bbox 305 849 1458 1329">
    <p class='ocr_par' dir='ltr' id='par_1_2' title="bbox 305 849 1458 1329">
     <span class='ocr_line' id='line_1_2' title="bbox 340 849 1458 937; baseline 0 -21"><span class='ocrx_word' id='word_1_4' title='bbox 340 852 462 922; x_wconf 87' lang='grc' dir='ltr'>κοινοδς</span> <span class='ocrx_word' id='word_1_5' title='bbox 483 849 649 934; x_wconf 76' lang='grc' dir='ltr'>λογισμούς</span> <span class='ocrx_word' id='word_1_6' title='bbox 670 851 769 914; x_wconf 87' lang='grc' dir='ltr'>πάντα</span> <span class='ocrx_word' id='word_1_7' title='bbox 792 851 871 915; x_wconf 83' lang='grc' dir='ltr'>κατὰ</span> <span class='ocrx_word' id='word_1_8' title='bbox 893 855 945 934; x_wconf 78' lang='grc' dir='ltr'>τῆς</span> <span class='ocrx_word' id='word_1_9' title='bbox 968 851 1167 936; x_wconf 78' lang='grc' dir='ltr'>δημιουργίας</span> <span class='ocrx_word' id='word_1_10' title='bbox 1189 853 1206 916; x_wconf 91' lang='grc' dir='ltr'>ό</span> <span class='ocrx_word' id='word_1_11' title='bbox 1228 853 1382 922; x_wconf 75' lang='grc' dir='ltr'>παντοίως</span> <span class='ocrx_word' id='word_1_12' title='bbox 1402 875 1458 937; x_wconf 87' lang='grc' dir='ltr'>μα·</span> 
     </span>
     <span class='ocr_line' id='line_1_3' title="bbox 340 948 1458 1036; baseline 0.002 -24"><span class='ocrx_word' id='word_1_13' title='bbox 340 952 402 1019; x_wconf 85' lang='grc' dir='ltr'>νεὶς</span> <span class='ocrx_word' id='word_1_14' title='bbox 428 950 594 1013; x_wconf 78' lang='grc' dir='ltr'><strong>ἐπλάσατο.</strong></span> <span class='ocrx_word' id='word_1_15' title='bbox 636 949 735 1012; x_wconf 91' lang='grc' dir='ltr'>δοῦλα</span> <span class='ocrx_word' id='word_1_16' title='bbox 761 949 819 1033; x_wconf 89' lang='grc' dir='ltr'>γάρ</span> <span class='ocrx_word' id='word_1_17' title='bbox 852 955 989 1034; x_wconf 83' lang='grc' dir='ltr'>φυσικῶς</span> <span class='ocrx_word' id='word_1_18' title='bbox 1015 948 1182 1033; x_wconf 85' lang='grc' dir='ltr'>ἀνθρώπου</span> <span class='ocrx_word' id='word_1_19' title='bbox 1208 949 1246 1013; x_wconf 87' lang='grc' dir='ltr'>τά</span> <span class='ocrx_word' id='word_1_20' title='bbox 1266 951 1369 1034; x_wconf 81' lang='grc' dir='ltr'>ἥμερα</span> <span class='ocrx_word' id='word_1_21' title='bbox 1391 955 1458 1036; x_wconf 77' lang='grc' dir='ltr'>ζῷα</span> 
     </span>
     <span class='ocr_line' id='line_1_4' title="bbox 340 1046 1454 1133; baseline 0 -21"><span class='ocrx_word' id='word_1_22' title='bbox 340 1047 500 1131; x_wconf 87' lang='grc' dir='ltr'>γεγένηται</span> <span class='ocrx_word' id='word_1_23' title='bbox 521 1047 572 1125; x_wconf 87' lang='grc' dir='ltr'>καὶ</span> <span class='ocrx_word' id='word_1_24' title='bbox 595 1051 635 1130; x_wconf 74' lang='grc' dir='ltr'>τῇ</span> <span class='ocrx_word' id='word_1_25' title='bbox 657 1047 768 1110; x_wconf 90' lang='grc' dir='ltr'>τούτου</span> <span class='ocrx_word' id='word_1_26' title='bbox 790 1048 901 1131; x_wconf 89' lang='grc' dir='ltr'>χρήσει</span> <span class='ocrx_word' id='word_1_27' title='bbox 922 1046 1173 1133; x_wconf 76' lang='grc' dir='ltr'>παραβέβληται,</span> <span class='ocrx_word' id='word_1_28' title='bbox 1206 1049 1303 1112; x_wconf 89' lang='grc' dir='ltr'>δοῦλα</span> <span class='ocrx_word' id='word_1_29' title='bbox 1326 1048 1454 1112; x_wconf 78' lang='grc' dir='ltr'>δὲκαθ’</span> 
     </span>
     <span class='ocr_line' id='line_1_5' title="bbox 341 1144 1456 1230; baseline 0.002 -22"><span class='ocrx_word' id='word_1_30' title='bbox 341 1145 444 1229; x_wconf 74' lang='grc' dir='ltr'>ἕτερον</span> <span class='ocrx_word' id='word_1_31' title='bbox 466 1144 557 1226; x_wconf 92' lang='grc' dir='ltr'>λόγον</span> <span class='ocrx_word' id='word_1_32' title='bbox 582 1146 634 1209; x_wconf 85' lang='grc' dir='ltr'>καί</span> <span class='ocrx_word' id='word_1_33' title='bbox 654 1145 692 1209; x_wconf 86' lang='grc' dir='ltr'>τά</span> <span class='ocrx_word' id='word_1_34' title='bbox 714 1145 855 1230; x_wconf 81' lang='grc' dir='ltr'>ἀνήμερα</span> <span class='ocrx_word' id='word_1_35' title='bbox 875 1145 952 1228; x_wconf 82' lang='grc' dir='ltr'>πρὸς</span> <span class='ocrx_word' id='word_1_36' title='bbox 975 1148 1014 1226; x_wconf 75' lang='grc' dir='ltr'>τῇ</span> <span class='ocrx_word' id='word_1_37' title='bbox 1036 1144 1165 1229; x_wconf 83' lang='grc' dir='ltr'>βηθείση</span> <span class='ocrx_word' id='word_1_38' title='bbox 1190 1147 1280 1230; x_wconf 79' lang='grc' dir='ltr'>αἰτία,</span> <span class='ocrx_word' id='word_1_39' title='bbox 1305 1148 1384 1210; x_wconf 82' lang='grc' dir='ltr'>ὥστε</span> <span class='ocrx_word' id='word_1_40' title='bbox 1407 1150 1456 1212; x_wconf 95' lang='grc' dir='ltr'>λο-</span> 
     </span>
     <span class='ocr_line' id='line_1_6' title="bbox 305 1239 1456 1329; baseline 0.002 -23"><span class='ocrx_word' id='word_1_41' title='bbox 305 1248 440 1329; x_wconf 79' lang='grc' dir='ltr'>ῦγισμῷ</span> <span class='ocrx_word' id='word_1_42' title='bbox 460 1245 511 1307; x_wconf 90' lang='grc' dir='ltr'>τδν</span> <span class='ocrx_word' id='word_1_43' title='bbox 525 1243 690 1328; x_wconf 83' lang='grc' dir='ltr'>ἄνθρωπον</span> <span class='ocrx_word' id='word_1_44' title='bbox 711 1244 832 1306; x_wconf 90' lang='grc' dir='ltr'>πάντων</span> <span class='ocrx_word' id='word_1_45' title='bbox 852 1247 912 1306; x_wconf 85' lang='grc' dir='ltr'>τῶν</span> <span class='ocrx_word' id='word_1_46' title='bbox 934 1239 1056 1324; x_wconf 90' lang='grc' dir='ltr'>ἀλόγων</span> <span class='ocrx_word' id='word_1_47' title='bbox 1076 1243 1291 1328; x_wconf 78' lang='grc' dir='ltr'>κρατιστεύειν.</span> <span class='ocrx_word' id='word_1_48' title='bbox 1322 1244 1398 1310; x_wconf 87' lang='grc' dir='ltr'>θεοῦ</span> <span class='ocrx_word' id='word_1_49' title='bbox 1421 1246 1456 1308; x_wconf 86' lang='grc' dir='ltr'>δὲ</span> 
     </span>
    </p>
   </div>
   <div class='ocr_carea' id='block_1_3' title="bbox 286 1337 1458 4648">
    <p class='ocr_par' dir='ltr' id='par_1_3' title="bbox 286 1337 1458 4648">
     <span class='ocr_line' id='line_1_7' title="bbox 341 1337 1455 1427; baseline 0.004 -24"><span class='ocrx_word' id='word_1_50' title='bbox 341 1340 556 1426; x_wconf 82' lang='grc' dir='ltr'>ἐπιτρέποντος</span> <span class='ocrx_word' id='word_1_51' title='bbox 584 1341 634 1404; x_wconf 81' lang='grc' dir='ltr'>διὰ</span> <span class='ocrx_word' id='word_1_52' title='bbox 650 1340 805 1407; x_wconf 69' lang='grc' dir='ltr'>4ποικιλας</span> <span class='ocrx_word' id='word_1_53' title='bbox 830 1339 928 1408; x_wconf 81' lang='grc' dir='ltr'>αἰτίας</span> <span class='ocrx_word' id='word_1_54' title='bbox 953 1338 989 1401; x_wconf 88' lang='grc' dir='ltr'>ού</span> <span class='ocrx_word' id='word_1_55' title='bbox 1016 1337 1096 1402; x_wconf 90' lang='grc' dir='ltr'>λέων</span> <span class='ocrx_word' id='word_1_56' title='bbox 1123 1340 1234 1424; x_wconf 89' lang='grc' dir='ltr'>μόνον,</span> <span class='ocrx_word' id='word_1_57' title='bbox 1265 1344 1298 1407; x_wconf 90' lang='grc' dir='ltr'>τδ</span> <span class='ocrx_word' id='word_1_58' title='bbox 1323 1342 1455 1427; x_wconf 79' lang='grc' dir='ltr'>ἀλκιμώ-</span> 
     </span>
     <span class='ocr_line' id='line_1_8' title="bbox 339 1434 1455 1527; baseline 0.002 -25"><span class='ocrx_word' id='word_1_59' title='bbox 339 1461 429 1502; x_wconf 91' lang='grc' dir='ltr'>τατον</span> <span class='ocrx_word' id='word_1_60' title='bbox 460 1439 584 1523; x_wconf 92' lang='grc' dir='ltr'>θηρίον,</span> <span class='ocrx_word' id='word_1_61' title='bbox 614 1438 635 1523; x_wconf 88' lang='grc' dir='ltr'>ή</span> <span class='ocrx_word' id='word_1_62' title='bbox 662 1462 690 1502; x_wconf 91' lang='grc' dir='ltr'>τι</span> <span class='ocrx_word' id='word_1_63' title='bbox 715 1441 777 1500; x_wconf 85' lang='grc' dir='ltr'>τῶν</span> <span class='ocrx_word' id='word_1_64' title='bbox 805 1434 909 1500; x_wconf 82' lang='grc' dir='ltr'>ἄλλων</span> <span class='ocrx_word' id='word_1_65' title='bbox 937 1435 1053 1520; x_wconf 90' lang='grc' dir='ltr'>θηρίων</span> <span class='ocrx_word' id='word_1_66' title='bbox 1078 1438 1097 1521; x_wconf 76' lang='grc' dir='ltr'><strong>ἦ</strong></span> <span class='ocrx_word' id='word_1_67' title='bbox 1125 1439 1261 1524; x_wconf 77' lang='grc' dir='ltr'>ἑρπετῶν</span> <span class='ocrx_word' id='word_1_68' title='bbox 1289 1441 1455 1527; x_wconf 83' lang='grc' dir='ltr'>ἀνθρώπου</span> 
     </span>
     <span class='ocr_line' id='line_1_9' title="bbox 339 1532 1454 1626; baseline 0.001 -27"><span class='ocrx_word' id='word_1_69' title='bbox 339 1537 518 1620; x_wconf 82' lang='grc' dir='ltr'>κρατήσειεν</span> <span class='ocrx_word' id='word_1_70' title='bbox 548 1536 602 1613; x_wconf 86' lang='grc' dir='ltr'>ἀν,</span> <span class='ocrx_word' id='word_1_71' title='bbox 633 1535 714 1600; x_wconf 82' lang='grc' dir='ltr'>ἀλλά</span> <span class='ocrx_word' id='word_1_72' title='bbox 739 1535 790 1597; x_wconf 86' lang='grc' dir='ltr'>καί</span> <span class='ocrx_word' id='word_1_73' title='bbox 815 1536 930 1619; x_wconf 83' lang='grc' dir='ltr'>κώνωψ</span> <span class='ocrx_word' id='word_1_74' title='bbox 953 1532 974 1617; x_wconf 87' lang='grc' dir='ltr'>ή</span> <span class='ocrx_word' id='word_1_75' title='bbox 1000 1558 1027 1596; x_wconf 92' lang='grc' dir='ltr'>τι</span> <span class='ocrx_word' id='word_1_76' title='bbox 1047 1541 1106 1600; x_wconf 84' lang='grc' dir='ltr'>τῶν</span> <span class='ocrx_word' id='word_1_77' title='bbox 1131 1535 1234 1602; x_wconf 86' lang='grc' dir='ltr'>ἀλλων</span> <span class='ocrx_word' id='word_1_78' title='bbox 1258 1540 1454 1626; x_wconf 83' lang='grc' dir='ltr'>βραχυτάτων</span> 
     </span>
     <span class='ocr_line' id='line_1_10' title="bbox 339 1630 1454 1721; baseline 0.001 -24"><span class='ocrx_word' id='word_1_79' title='bbox 339 1633 542 1718; x_wconf 89' lang='grc' dir='ltr'>περιγένοιτο·</span> <span class='ocrx_word' id='word_1_80' title='bbox 564 1635 644 1718; x_wconf 84' lang='grc' dir='ltr'>πλὴν</span> <span class='ocrx_word' id='word_1_81' title='bbox 663 1633 780 1717; x_wconf 89' lang='grc' dir='ltr'>θηρίων</span> <span class='ocrx_word' id='word_1_82' title='bbox 801 1631 891 1717; x_wconf 81' lang='grc' dir='ltr'>φύσις</span> <span class='ocrx_word' id='word_1_83' title='bbox 908 1632 959 1695; x_wconf 89' lang='grc' dir='ltr'>καί</span> <span class='ocrx_word' id='word_1_84' title='bbox 978 1630 1082 1702; x_wconf 87' lang='grc' dir='ltr'>άλλως</span> <span class='ocrx_word' id='word_1_85' title='bbox 1099 1635 1150 1698; x_wconf 91' lang='grc' dir='ltr'>τδν</span> <span class='ocrx_word' id='word_1_86' title='bbox 1168 1636 1329 1721; x_wconf 80' lang='grc' dir='ltr'>εἰρημένον</span> <span class='ocrx_word' id='word_1_87' title='bbox 1344 1636 1454 1721; x_wconf 90' lang='grc' dir='ltr'>τρόπον</span> 
     </span>
     <span class='ocr_line' id='line_1_11' title="bbox 291 1729 1456 1819; baseline 0 -23"><span class='ocrx_word' id='word_1_88' title='bbox 291 1744 325 1798; x_wconf 81' lang='lat'>10</span> <span class='ocrx_word' id='word_1_89' title='bbox 343 1733 386 1801; x_wconf 86' lang='grc' dir='ltr'>εἰς</span> <span class='ocrx_word' id='word_1_90' title='bbox 405 1731 492 1817; x_wconf 85' lang='grc' dir='ltr'>ὄψεις</span> <span class='ocrx_word' id='word_1_91' title='bbox 512 1729 607 1811; x_wconf 86' lang='grc' dir='ltr'>(ἔστιν</span> <span class='ocrx_word' id='word_1_92' title='bbox 630 1732 682 1796; x_wconf 83' lang='grc' dir='ltr'>ύτε</span> <span class='ocrx_word' id='word_1_93' title='bbox 703 1731 755 1795; x_wconf 86' lang='grc' dir='ltr'>καί</span> <span class='ocrx_word' id='word_1_94' title='bbox 780 1729 823 1798; x_wconf 90' lang='grc' dir='ltr'>εἰς</span> <span class='ocrx_word' id='word_1_95' title='bbox 843 1732 969 1812; x_wconf 87' lang='grc' dir='ltr'>πεῖραν)</span> <span class='ocrx_word' id='word_1_96' title='bbox 995 1730 1170 1815; x_wconf 80' lang='grc' dir='ltr'>ἀνθρώποις</span> <span class='ocrx_word' id='word_1_97' title='bbox 1190 1733 1267 1798; x_wconf 81' lang='grc' dir='ltr'>κατὰ</span> <span class='ocrx_word' id='word_1_98' title='bbox 1287 1732 1456 1819; x_wconf 83' lang='grc' dir='ltr'>διαφόρους</span> 
     </span>
     <span class='ocr_line' id='line_1_12' title="bbox 341 1827 1458 1914; baseline 0 -22"><span class='ocrx_word' id='word_1_99' title='bbox 341 1831 439 1899; x_wconf 83' lang='grc' dir='ltr'>αἰτίας</span> <span class='ocrx_word' id='word_1_100' title='bbox 470 1830 630 1914; x_wconf 86' lang='grc' dir='ltr'>ἀναγκαία.</span> <span class='ocrx_word' id='word_1_101' title='bbox 692 1827 743 1900; x_wconf 75' lang='grc' dir='ltr'>θθ,</span> <span class='ocrx_word' id='word_1_102' title='bbox 780 1827 848 1892; x_wconf 88' lang='grc' dir='ltr'>ἀλλ’</span> <span class='ocrx_word' id='word_1_103' title='bbox 884 1827 990 1911; x_wconf 83' lang='grc' dir='ltr'>ἐπειδὴ</span> <span class='ocrx_word' id='word_1_104' title='bbox 1021 1830 1097 1912; x_wconf 88' lang='grc' dir='ltr'>πρὸς</span> <span class='ocrx_word' id='word_1_105' title='bbox 1122 1829 1250 1894; x_wconf 78' lang='grc' dir='ltr'>ἕκαστον</span> <span class='ocrx_word' id='word_1_106' title='bbox 1277 1832 1319 1895; x_wconf 85' lang='grc' dir='ltr'>ὦν</span> <span class='ocrx_word' id='word_1_107' title='bbox 1341 1831 1458 1898; x_wconf 85' lang='grc' dir='ltr'>ἐκεῖνος</span> 
     </span>
     <span class='ocr_line' id='line_1_13' title="bbox 340 1923 1454 2014; baseline -0.003 -22"><span class='ocrx_word' id='word_1_108' title='bbox 340 1929 510 2014; x_wconf 87' lang='grc' dir='ltr'>ἀδολεσχεῖ</span> <span class='ocrx_word' id='word_1_109' title='bbox 538 1952 571 1992; x_wconf 93' lang='grc' dir='ltr'>τε</span> <span class='ocrx_word' id='word_1_110' title='bbox 601 1929 651 1992; x_wconf 85' lang='grc' dir='ltr'>καὶ</span> <span class='ocrx_word' id='word_1_111' title='bbox 678 1929 843 1992; x_wconf 82' lang='grc' dir='ltr'>πλάττεται</span> <span class='ocrx_word' id='word_1_112' title='bbox 873 1927 967 2008; x_wconf 79' lang='grc' dir='ltr'>λῆρος</span> <span class='ocrx_word' id='word_1_113' title='bbox 994 1923 1030 1988; x_wconf 82' lang='grc' dir='ltr'>ἀν</span> <span class='ocrx_word' id='word_1_114' title='bbox 1061 1925 1176 1996; x_wconf 77' lang='grc' dir='ltr'>δόξειεν</span> <span class='ocrx_word' id='word_1_115' title='bbox 1200 1927 1278 1992; x_wconf 86' lang='grc' dir='ltr'>εἰναι</span> <span class='ocrx_word' id='word_1_116' title='bbox 1299 1931 1333 1992; x_wconf 92' lang='grc' dir='ltr'>τδ</span> <span class='ocrx_word' id='word_1_117' title='bbox 1357 1927 1454 2011; x_wconf 87' lang='grc' dir='ltr'>λέγειν</span> 
     </span>
     <span class='ocr_line' id='line_1_14' title="bbox 338 2021 1455 2112; baseline -0.001 -22"><span class='ocrx_word' id='word_1_118' title='bbox 338 2049 373 2090; x_wconf 90' lang='grc' dir='ltr'>τε</span> <span class='ocrx_word' id='word_1_119' title='bbox 396 2027 448 2090; x_wconf 89' lang='grc' dir='ltr'>καὶ</span> <span class='ocrx_word' id='word_1_120' title='bbox 475 2028 630 2103; x_wconf 82' lang='grc' dir='ltr'>ἀπαντᾶν,</span> <span class='ocrx_word' id='word_1_121' title='bbox 661 2025 838 2110; x_wconf 77' lang='grc' dir='ltr'>θεωρητέον</span> <span class='ocrx_word' id='word_1_122' title='bbox 860 2024 913 2086; x_wconf 90' lang='grc' dir='ltr'>καὶ</span> <span class='ocrx_word' id='word_1_123' title='bbox 935 2021 1007 2107; x_wconf 92' lang='grc' dir='ltr'>δίχα</span> <span class='ocrx_word' id='word_1_124' title='bbox 1029 2021 1123 2106; x_wconf 91' lang='grc' dir='ltr'>λόγου</span> <span class='ocrx_word' id='word_1_125' title='bbox 1146 2030 1190 2112; x_wconf 76' lang='grc' dir='ltr'>τῷ</span> <span class='ocrx_word' id='word_1_126' title='bbox 1209 2026 1387 2112; x_wconf 80' lang='grc' dir='ltr'>κεκτημένῳ</span> <span class='ocrx_word' id='word_1_127' title='bbox 1407 2026 1455 2089; x_wconf 93' lang='grc' dir='ltr'>σύ-</span> 
     </span>
     <span class='ocr_line' id='line_1_15' title="bbox 339 2120 1457 2208; baseline 0.003 -23"><span class='ocrx_word' id='word_1_128' title='bbox 339 2145 431 2202; x_wconf 90' lang='grc' dir='ltr'>νεσιν,</span> <span class='ocrx_word' id='word_1_129' title='bbox 455 2125 541 2194; x_wconf 76' lang='grc' dir='ltr'>ὅπως</span> <span class='ocrx_word' id='word_1_130' title='bbox 562 2125 618 2208; x_wconf 74' lang='grc' dir='ltr'>μέν</span> <span class='ocrx_word' id='word_1_131' title='bbox 639 2126 708 2193; x_wconf 81' lang='grc' dir='ltr'>ἑνδς</span> <span class='ocrx_word' id='word_1_132' title='bbox 729 2126 865 2208; x_wconf 82' lang='grc' dir='ltr'>ἥρμοστο</span> <span class='ocrx_word' id='word_1_133' title='bbox 888 2120 971 2205; x_wconf 92' lang='grc' dir='ltr'>λόγῳ</span> <span class='ocrx_word' id='word_1_134' title='bbox 991 2120 1028 2184; x_wconf 87' lang='grc' dir='ltr'>τά</span> <span class='ocrx_word' id='word_1_135' title='bbox 1052 2121 1227 2206; x_wconf 89' lang='grc' dir='ltr'>σύμπαντα,</span> <span class='ocrx_word' id='word_1_136' title='bbox 1250 2125 1293 2194; x_wconf 85' lang='grc' dir='ltr'>είς</span> <span class='ocrx_word' id='word_1_137' title='bbox 1313 2127 1348 2188; x_wconf 85' lang='grc' dir='ltr'>δὲ</span> <span class='ocrx_word' id='word_1_138' title='bbox 1363 2124 1457 2208; x_wconf 91' lang='grc' dir='ltr'>νόμος</span> 
     </span>
     <span class='ocr_line' id='line_1_16' title="bbox 291 2219 1456 2306; baseline 0 -22"><span class='ocrx_word' id='word_1_139' title='bbox 291 2231 323 2284; x_wconf 75' lang='grc'>15</span> <span class='ocrx_word' id='word_1_140' title='bbox 340 2225 395 2284; x_wconf 92' lang='grc' dir='ltr'>τοῦ</span> <span class='ocrx_word' id='word_1_141' title='bbox 426 2223 614 2306; x_wconf 81' lang='grc' dir='ltr'>δημιουργοῦ</span> <span class='ocrx_word' id='word_1_142' title='bbox 646 2221 725 2286; x_wconf 80' lang='grc' dir='ltr'>κατὰ</span> <span class='ocrx_word' id='word_1_143' title='bbox 753 2221 875 2284; x_wconf 89' lang='grc' dir='ltr'>πάντων</span> <span class='ocrx_word' id='word_1_144' title='bbox 905 2223 1013 2304; x_wconf 85' lang='grc' dir='ltr'>κρατεῖ</span> <span class='ocrx_word' id='word_1_145' title='bbox 1037 2220 1088 2282; x_wconf 87' lang='grc' dir='ltr'>καὶ</span> <span class='ocrx_word' id='word_1_146' title='bbox 1118 2219 1192 2294; x_wconf 75' lang='grc' dir='ltr'>οὐδὲ</span> <span class='ocrx_word' id='word_1_147' title='bbox 1239 2221 1270 2284; x_wconf 87' lang='grc' dir='ltr'>ἐν</span> <span class='ocrx_word' id='word_1_148' title='bbox 1299 2227 1363 2291; x_wconf 85' lang='grc' dir='ltr'>τοῖς</span> <span class='ocrx_word' id='word_1_149' title='bbox 1387 2221 1456 2285; x_wconf 87' lang='grc' dir='ltr'>οῦσι</span> 
     </span>
     <span class='ocr_line' id='line_1_17' title="bbox 340 2315 1455 2404; baseline 0.001 -23"><span class='ocrx_word' id='word_1_150' title='bbox 340 2319 526 2404; x_wconf 88' lang='grc' dir='ltr'>διαμάχεται</span> <span class='ocrx_word' id='word_1_151' title='bbox 554 2315 629 2382; x_wconf 84' lang='grc' dir='ltr'>οὐδὲ</span> <span class='ocrx_word' id='word_1_152' title='bbox 658 2319 799 2403; x_wconf 87' lang='grc' dir='ltr'>πολέμου</span> <span class='ocrx_word' id='word_1_153' title='bbox 821 2319 983 2400; x_wconf 88' lang='grc' dir='ltr'>τεκμήριον</span> <span class='ocrx_word' id='word_1_154' title='bbox 1006 2318 1025 2400; x_wconf 85' lang='grc' dir='ltr'>ή</span> <span class='ocrx_word' id='word_1_155' title='bbox 1051 2317 1206 2402; x_wconf 91' lang='grc' dir='ltr'>διχονοίας</span> <span class='ocrx_word' id='word_1_156' title='bbox 1230 2319 1261 2382; x_wconf 86' lang='grc' dir='ltr'>ἐν</span> <span class='ocrx_word' id='word_1_157' title='bbox 1284 2322 1347 2388; x_wconf 86' lang='grc' dir='ltr'>τοῖς</span> <span class='ocrx_word' id='word_1_158' title='bbox 1370 2320 1455 2402; x_wconf 91' lang='grc' dir='ltr'>δημι-</span> 
     </span>
     <span class='ocr_line' id='line_1_18' title="bbox 339 2414 1457 2502; baseline 0.006 -25"><span class='ocrx_word' id='word_1_159' title='bbox 339 2417 530 2500; x_wconf 89' lang='grc' dir='ltr'>ουργήμασιν</span> <span class='ocrx_word' id='word_1_160' title='bbox 552 2417 768 2502; x_wconf 85' lang='grc' dir='ltr'>ὑποφαίνεται,</span> <span class='ocrx_word' id='word_1_161' title='bbox 792 2414 863 2478; x_wconf 82' lang='grc' dir='ltr'>ἀλλ’</span> <span class='ocrx_word' id='word_1_162' title='bbox 888 2415 1053 2498; x_wconf 90' lang='grc' dir='ltr'>εἰρηνεύει,</span> <span class='ocrx_word' id='word_1_163' title='bbox 1077 2415 1152 2478; x_wconf 85' lang='grc' dir='ltr'>θεοῦ</span> <span class='ocrx_word' id='word_1_164' title='bbox 1173 2439 1208 2499; x_wconf 87' lang='grc' dir='ltr'>γε</span> <span class='ocrx_word' id='word_1_165' title='bbox 1230 2415 1457 2500; x_wconf 84' lang='grc' dir='ltr'>συμπλέκοντος</span> 
     </span>
     <span class='ocr_line' id='line_1_19' title="bbox 338 2513 1456 2599; baseline 0 -24"><span class='ocrx_word' id='word_1_166' title='bbox 338 2513 377 2576; x_wconf 86' lang='grc' dir='ltr'>τά</span> <span class='ocrx_word' id='word_1_167' title='bbox 401 2514 500 2576; x_wconf 89' lang='grc' dir='ltr'>πάντα</span> <span class='ocrx_word' id='word_1_168' title='bbox 528 2515 606 2598; x_wconf 82' lang='grc' dir='ltr'>πρὸς</span> <span class='ocrx_word' id='word_1_169' title='bbox 635 2514 760 2598; x_wconf 87' lang='grc' dir='ltr'>ἄλληλα</span> <span class='ocrx_word' id='word_1_170' title='bbox 788 2517 831 2581; x_wconf 82' lang='grc' dir='ltr'>ύς</span> <span class='ocrx_word' id='word_1_171' title='bbox 862 2513 915 2597; x_wconf 82' lang='grc' dir='ltr'>ὑφ’</span> <span class='ocrx_word' id='word_1_172' title='bbox 940 2513 1008 2582; x_wconf 86' lang='grc' dir='ltr'>ἑνδς</span> <span class='ocrx_word' id='word_1_173' title='bbox 1030 2513 1164 2599; x_wconf 82' lang='grc' dir='ltr'>λαβόντα</span> <span class='ocrx_word' id='word_1_174' title='bbox 1186 2518 1240 2597; x_wconf 75' lang='grc' dir='ltr'>τῆς</span> <span class='ocrx_word' id='word_1_175' title='bbox 1261 2515 1383 2598; x_wconf 80' lang='grc' dir='ltr'>εἰρήνης</span> <span class='ocrx_word' id='word_1_176' title='bbox 1404 2513 1456 2576; x_wconf 90' lang='grc' dir='ltr'>καὶ</span> 
     </span>
     <span class='ocr_line' id='line_1_20' title="bbox 338 2609 1456 2697; baseline -0.005 -18"><span class='ocrx_word' id='word_1_177' title='bbox 338 2614 392 2693; x_wconf 66' lang='grc' dir='ltr'>τῆς</span> <span class='ocrx_word' id='word_1_178' title='bbox 414 2611 547 2695; x_wconf 70' lang='grc' dir='ltr'>ἡσυχίας</span> <span class='ocrx_word' id='word_1_179' title='bbox 571 2612 605 2674; x_wconf 84' lang='grc' dir='ltr'>τό</span> <span class='ocrx_word' id='word_1_180' title='bbox 628 2611 782 2695; x_wconf 89' lang='grc' dir='ltr'>σύνθημα,</span> <span class='ocrx_word' id='word_1_181' title='bbox 801 2611 874 2696; x_wconf 84' lang='grc' dir='ltr'>παρ’</span> <span class='ocrx_word' id='word_1_182' title='bbox 900 2610 936 2674; x_wconf 86' lang='grc' dir='ltr'>ού</span> <span class='ocrx_word' id='word_1_183' title='bbox 961 2611 1011 2674; x_wconf 88' lang='grc' dir='ltr'>καὶ</span> <span class='ocrx_word' id='word_1_184' title='bbox 1034 2611 1068 2674; x_wconf 90' lang='grc' dir='ltr'>τδ</span> <span class='ocrx_word' id='word_1_185' title='bbox 1091 2610 1244 2696; x_wconf 77' lang='grc' dir='ltr'>εἶναιτὴν</span> <span class='ocrx_word' id='word_1_186' title='bbox 1268 2612 1366 2697; x_wconf 82' lang='grc' dir='ltr'>ἀρχὴν</span> <span class='ocrx_word' id='word_1_187' title='bbox 1388 2609 1456 2674; x_wconf 89' lang='grc' dir='ltr'>τού-</span> 
     </span>
     <span class='ocr_line' id='line_1_21' title="bbox 288 2707 1457 2796; baseline 0.002 -26"><span class='ocrx_word' id='word_1_188' title='bbox 288 2719 324 2774; x_wconf 68' lang='lat' dir='ltr'><strong><em>w</em></strong></span> <span class='ocrx_word' id='word_1_189' title='bbox 340 2729 403 2777; x_wconf 87' lang='grc' dir='ltr'>τοις</span> <span class='ocrx_word' id='word_1_190' title='bbox 432 2708 556 2796; x_wconf 75' lang='grc' dir='ltr'>ὑπῆρξε.</span> <span class='ocrx_word' id='word_1_191' title='bbox 600 2713 732 2793; x_wconf 86' lang='grc' dir='ltr'>συμπνεῖ</span> <span class='ocrx_word' id='word_1_192' title='bbox 757 2732 791 2773; x_wconf 89' lang='grc' dir='ltr'>τε</span> <span class='ocrx_word' id='word_1_193' title='bbox 818 2710 876 2795; x_wconf 79' lang='grc' dir='ltr'>γὰρ</span> <span class='ocrx_word' id='word_1_194' title='bbox 904 2715 969 2778; x_wconf 85' lang='grc' dir='ltr'>τοῖς</span> <span class='ocrx_word' id='word_1_195' title='bbox 988 2707 1037 2772; x_wconf 85' lang='grc' dir='ltr'>ἐπὶ</span> <span class='ocrx_word' id='word_1_196' title='bbox 1056 2713 1111 2792; x_wconf 80' lang='grc' dir='ltr'>γῆς</span> <span class='ocrx_word' id='word_1_197' title='bbox 1131 2711 1303 2795; x_wconf 82' lang='grc' dir='ltr'>πράγμασιν</span> <span class='ocrx_word' id='word_1_198' title='bbox 1325 2708 1457 2793; x_wconf 87' lang='grc' dir='ltr'>ούρανδς</span> 
     </span>
     <span class='ocr_line' id='line_1_22' title="bbox 339 2804 1455 2892; baseline -0.002 -22"><span class='ocrx_word' id='word_1_199' title='bbox 339 2805 414 2884; x_wconf 87' lang='grc' dir='ltr'>ῦων,</span> <span class='ocrx_word' id='word_1_200' title='bbox 437 2806 509 2870; x_wconf 89' lang='grc' dir='ltr'>όταν</span> <span class='ocrx_word' id='word_1_201' title='bbox 529 2808 634 2892; x_wconf 89' lang='grc' dir='ltr'>καιρδς</span> <span class='ocrx_word' id='word_1_202' title='bbox 651 2808 778 2892; x_wconf 81' lang='grc' dir='ltr'>ἀπαιτή,</span> <span class='ocrx_word' id='word_1_203' title='bbox 797 2808 849 2871; x_wconf 92' lang='grc' dir='ltr'>καί</span> <span class='ocrx_word' id='word_1_204' title='bbox 871 2805 960 2876; x_wconf 85' lang='grc' dir='ltr'>αῦθις</span> <span class='ocrx_word' id='word_1_205' title='bbox 980 2805 1101 2892; x_wconf 88' lang='grc' dir='ltr'>ἀνέχων</span> <span class='ocrx_word' id='word_1_206' title='bbox 1124 2809 1174 2872; x_wconf 82' lang='grc' dir='ltr'>τὸν</span> <span class='ocrx_word' id='word_1_207' title='bbox 1188 2807 1287 2885; x_wconf 85' lang='grc' dir='ltr'>ὑετόν,</span> <span class='ocrx_word' id='word_1_208' title='bbox 1311 2807 1383 2872; x_wconf 87' lang='grc' dir='ltr'>όταν</span> <span class='ocrx_word' id='word_1_209' title='bbox 1399 2804 1455 2889; x_wconf 85' lang='grc' dir='ltr'>δέη</span> 
     </span>
     <span class='ocr_line' id='line_1_23' title="bbox 337 2902 1455 2990; baseline -0.002 -23"><span class='ocrx_word' id='word_1_210' title='bbox 337 2902 505 2988; x_wconf 84' lang='grc' dir='ltr'>θερμότητι</span> <span class='ocrx_word' id='word_1_211' title='bbox 525 2903 604 2988; x_wconf 84' lang='grc' dir='ltr'>μόνη</span> <span class='ocrx_word' id='word_1_212' title='bbox 623 2905 881 2989; x_wconf 85' lang='grc' dir='ltr'>τελεσφορεῖσθαι</span> <span class='ocrx_word' id='word_1_213' title='bbox 902 2903 941 2968; x_wconf 84' lang='grc' dir='ltr'>τὰ</span> <span class='ocrx_word' id='word_1_214' title='bbox 961 2905 1050 2988; x_wconf 88' lang='grc' dir='ltr'>φυτά.</span> <span class='ocrx_word' id='word_1_215' title='bbox 1093 2905 1181 2989; x_wconf 86' lang='grc' dir='ltr'>ἥλιος</span> <span class='ocrx_word' id='word_1_216' title='bbox 1206 2906 1241 2968; x_wconf 76' lang='grc' dir='ltr'>δὲ</span> <span class='ocrx_word' id='word_1_217' title='bbox 1264 2903 1455 2990; x_wconf 88' lang='grc' dir='ltr'>μεταβαίνων</span> 
     </span>
     <span class='ocr_line' id='line_1_24' title="bbox 338 3000 1455 3088; baseline -0.002 -24"><span class='ocrx_word' id='word_1_218' title='bbox 338 3000 425 3086; x_wconf 90' lang='grc' dir='ltr'>νόμῳ</span> <span class='ocrx_word' id='word_1_219' title='bbox 442 3005 497 3064; x_wconf 91' lang='grc' dir='ltr'>τοῦ</span> <span class='ocrx_word' id='word_1_220' title='bbox 520 3002 705 3086; x_wconf 88' lang='grc' dir='ltr'>ποιήσαντος</span> <span class='ocrx_word' id='word_1_221' title='bbox 722 3002 776 3072; x_wconf 89' lang='grc' dir='ltr'>τάς</span> <span class='ocrx_word' id='word_1_222' title='bbox 794 3005 879 3088; x_wconf 82' lang='grc' dir='ltr'>ὥρας</span> <span class='ocrx_word' id='word_1_223' title='bbox 896 3003 1065 3086; x_wconf 75' lang='grc' dir='ltr'>ἐργάζεται,</span> <span class='ocrx_word' id='word_1_224' title='bbox 1089 3001 1280 3066; x_wconf 87' lang='grc' dir='ltr'>ἐναλλάττων</span> <span class='ocrx_word' id='word_1_225' title='bbox 1303 3001 1455 3065; x_wconf 79' lang='grc' dir='ltr'>οὐδέποτε</span> 
     </span>
     <span class='ocr_line' id='line_1_25' title="bbox 337 3098 1455 3186; baseline -0.002 -24"><span class='ocrx_word' id='word_1_226' title='bbox 337 3098 467 3179; x_wconf 90' lang='grc' dir='ltr'>ταύτας,</span> <span class='ocrx_word' id='word_1_227' title='bbox 496 3100 566 3183; x_wconf 90' lang='grc' dir='ltr'>μίαν</span> <span class='ocrx_word' id='word_1_228' title='bbox 598 3100 632 3163; x_wconf 83' lang='grc' dir='ltr'>δὲ</span> <span class='ocrx_word' id='word_1_229' title='bbox 658 3100 711 3183; x_wconf 83' lang='grc' dir='ltr'>τήν</span> <span class='ocrx_word' id='word_1_230' title='bbox 737 3101 818 3170; x_wconf 79' lang='grc' dir='ltr'>τάξιν</span> <span class='ocrx_word' id='word_1_231' title='bbox 844 3099 945 3164; x_wconf 80' lang='grc' dir='ltr'>αὐτῶν</span> <span class='ocrx_word' id='word_1_232' title='bbox 978 3099 1175 3186; x_wconf 83' lang='grc' dir='ltr'>ἀπαράβατον</span> <span class='ocrx_word' id='word_1_233' title='bbox 1203 3099 1359 3164; x_wconf 88' lang='grc' dir='ltr'>δεικνύων.</span> <span class='ocrx_word' id='word_1_234' title='bbox 1403 3098 1455 3160; x_wconf 89' lang='grc' dir='ltr'>καὶ</span> 
     </span>
     <span class='ocr_line' id='line_1_26' title="bbox 286 3195 1456 3284; baseline 0.003 -25"><span class='ocrx_word' id='word_1_235' title='bbox 286 3205 322 3259; x_wconf 67' lang='lat'>2⁶</span> <span class='ocrx_word' id='word_1_236' title='bbox 339 3195 466 3279; x_wconf 76' lang='grc' dir='ltr'>ἐμμένει</span> <span class='ocrx_word' id='word_1_237' title='bbox 488 3219 522 3280; x_wconf 88' lang='grc' dir='ltr'>γε</span> <span class='ocrx_word' id='word_1_238' title='bbox 544 3201 583 3279; x_wconf 81' lang='grc' dir='ltr'>πή</span> <span class='ocrx_word' id='word_1_239' title='bbox 605 3196 697 3280; x_wconf 90' lang='grc' dir='ltr'>φύσει</span> <span class='ocrx_word' id='word_1_240' title='bbox 718 3199 753 3262; x_wconf 89' lang='grc' dir='ltr'>τδ</span> <span class='ocrx_word' id='word_1_241' title='bbox 773 3199 944 3284; x_wconf 86' lang='grc' dir='ltr'>διάφορον,</span> <span class='ocrx_word' id='word_1_242' title='bbox 968 3197 1022 3280; x_wconf 88' lang='grc' dir='ltr'>μία</span> <span class='ocrx_word' id='word_1_243' title='bbox 1043 3197 1078 3260; x_wconf 84' lang='grc' dir='ltr'>δὲ</span> <span class='ocrx_word' id='word_1_244' title='bbox 1100 3197 1151 3260; x_wconf 83' lang='grc' dir='ltr'>καὶ</span> <span class='ocrx_word' id='word_1_245' title='bbox 1171 3198 1190 3280; x_wconf 80' lang='grc' dir='ltr'>ή</span> <span class='ocrx_word' id='word_1_246' title='bbox 1214 3197 1291 3283; x_wconf 76' lang='grc' dir='ltr'>αὐτή</span> <span class='ocrx_word' id='word_1_247' title='bbox 1316 3199 1456 3284; x_wconf 85' lang='grc' dir='ltr'>φαίνεται</span> 
     </span>
     <span class='ocr_line' id='line_1_27' title="bbox 339 3292 1455 3381; baseline 0.002 -25"><span class='ocrx_word' id='word_1_248' title='bbox 339 3292 492 3376; x_wconf 90' lang='grc' dir='ltr'>σύμπνοια</span> <span class='ocrx_word' id='word_1_249' title='bbox 519 3298 579 3356; x_wconf 85' lang='grc' dir='ltr'>τῶν</span> <span class='ocrx_word' id='word_1_250' title='bbox 607 3293 672 3358; x_wconf 86' lang='grc' dir='ltr'>ἀνω</span> <span class='ocrx_word' id='word_1_251' title='bbox 700 3318 734 3358; x_wconf 88' lang='grc' dir='ltr'>τε</span> <span class='ocrx_word' id='word_1_252' title='bbox 761 3297 813 3360; x_wconf 83' lang='grc' dir='ltr'>καὶ</span> <span class='ocrx_word' id='word_1_253' title='bbox 842 3301 902 3358; x_wconf 81' lang='grc' dir='ltr'>τιῖιν</span> <span class='ocrx_word' id='word_1_254' title='bbox 932 3296 1016 3358; x_wconf 88' lang='grc' dir='ltr'>κάτω</span> <span class='ocrx_word' id='word_1_255' title='bbox 1040 3294 1116 3378; x_wconf 90' lang='grc' dir='ltr'>πρδς</span> <span class='ocrx_word' id='word_1_256' title='bbox 1136 3294 1301 3381; x_wconf 88' lang='grc' dir='ltr'>ἀκρίβειαν.</span> <span class='ocrx_word' id='word_1_257' title='bbox 1345 3295 1397 3366; x_wconf 70' lang='grc' dir='ltr'>νὐΕ</span> <span class='ocrx_word' id='word_1_258' title='bbox 1420 3295 1455 3359; x_wconf 82' lang='grc' dir='ltr'>δὲ</span> 
     </span>
     <span class='ocr_line' id='line_1_28' title="bbox 337 3389 1455 3476; baseline 0.004 -24"><span class='ocrx_word' id='word_1_259' title='bbox 337 3391 414 3472; x_wconf 89' lang='grc' dir='ltr'>πρδς</span> <span class='ocrx_word' id='word_1_260' title='bbox 441 3389 560 3475; x_wconf 76' lang='grc' dir='ltr'>ἡμέραν</span> <span class='ocrx_word' id='word_1_261' title='bbox 590 3392 793 3462; x_wconf 88' lang='grc' dir='ltr'>ἀστασίαστος</span> <span class='ocrx_word' id='word_1_262' title='bbox 820 3393 953 3476; x_wconf 84' lang='grc' dir='ltr'>διέμεινε</span> <span class='ocrx_word' id='word_1_263' title='bbox 979 3393 1029 3454; x_wconf 93' lang='grc' dir='ltr'>τδν</span> <span class='ocrx_word' id='word_1_264' title='bbox 1059 3392 1157 3454; x_wconf 83' lang='grc' dir='ltr'>αἰῶνα</span> <span class='ocrx_word' id='word_1_265' title='bbox 1186 3392 1364 3476; x_wconf 85' lang='grc' dir='ltr'>σύμπαντα,</span> <span class='ocrx_word' id='word_1_266' title='bbox 1398 3392 1455 3456; x_wconf 86' lang='grc' dir='ltr'>οὐκ</span> 
     </span>
     <span class='ocr_line' id='line_1_29' title="bbox 339 3485 1455 3575; baseline 0.004 -27"><span class='ocrx_word' id='word_1_267' title='bbox 339 3485 444 3572; x_wconf 86' lang='grc' dir='ltr'>ἀλόγῳ</span> <span class='ocrx_word' id='word_1_268' title='bbox 463 3495 547 3573; x_wconf 76' lang='grc' dir='ltr'>φορᾷ</span> <span class='ocrx_word' id='word_1_269' title='bbox 566 3489 620 3572; x_wconf 78' lang='grc' dir='ltr'>τὴν</span> <span class='ocrx_word' id='word_1_270' title='bbox 643 3490 792 3574; x_wconf 85' lang='grc' dir='ltr'>διαδοχήν</span> <span class='ocrx_word' id='word_1_271' title='bbox 811 3493 888 3575; x_wconf 78' lang='grc' dir='ltr'>πρὸς</span> <span class='ocrx_word' id='word_1_272' title='bbox 910 3491 962 3573; x_wconf 84' lang='grc' dir='ltr'>τὴν</span> <span class='ocrx_word' id='word_1_273' title='bbox 981 3487 1100 3572; x_wconf 81' lang='grc' dir='ltr'>ἡμέραν</span> <span class='ocrx_word' id='word_1_274' title='bbox 1114 3485 1244 3573; x_wconf 87' lang='grc' dir='ltr'>ἔχουσα,</span> <span class='ocrx_word' id='word_1_275' title='bbox 1266 3489 1347 3553; x_wconf 79' lang='grc' dir='ltr'>ἀλλὰ</span> <span class='ocrx_word' id='word_1_276' title='bbox 1360 3490 1455 3574; x_wconf 79' lang='grc' dir='ltr'>σοφίσγ</span> 
     </span>
     <span class='ocr_line' id='line_1_30' title="bbox 337 3584 1454 3671; baseline 0.001 -24"><span class='ocrx_word' id='word_1_277' title='bbox 337 3589 392 3647; x_wconf 88' lang='grc' dir='ltr'>τοῦ</span> <span class='ocrx_word' id='word_1_278' title='bbox 417 3585 623 3670; x_wconf 89' lang='grc' dir='ltr'>δημιουργοῦ,</span> <span class='ocrx_word' id='word_1_279' title='bbox 645 3587 838 3670; x_wconf 88' lang='grc' dir='ltr'>προσθήκαις</span> <span class='ocrx_word' id='word_1_280' title='bbox 858 3609 893 3650; x_wconf 86' lang='grc' dir='ltr'>τε</span> <span class='ocrx_word' id='word_1_281' title='bbox 914 3588 964 3650; x_wconf 83' lang='grc' dir='ltr'>καὶ</span> <span class='ocrx_word' id='word_1_282' title='bbox 987 3584 1170 3670; x_wconf 88' lang='grc' dir='ltr'>ἀφαιρέσεσι</span> <span class='ocrx_word' id='word_1_283' title='bbox 1190 3585 1382 3671; x_wconf 88' lang='grc' dir='ltr'>μετρουμένη</span> <span class='ocrx_word' id='word_1_284' title='bbox 1402 3587 1454 3650; x_wconf 84' lang='grc' dir='ltr'>καί</span> 
     </span>
     <span class='ocr_line' id='line_1_31' title="bbox 286 3681 1455 3768; baseline 0.001 -23"><span class='ocrx_word' id='word_1_285' title='bbox 286 3693 322 3749; x_wconf 78' lang='lat'>³⁰</span> <span class='ocrx_word' id='word_1_286' title='bbox 339 3681 413 3745; x_wconf 80' lang='grc' dir='ltr'>οῦδὲ</span> <span class='ocrx_word' id='word_1_287' title='bbox 426 3683 550 3751; x_wconf 89' lang='grc' dir='ltr'>ταύταις</span> <span class='ocrx_word' id='word_1_288' title='bbox 563 3682 675 3746; x_wconf 83' lang='grc' dir='ltr'>ἄλλοτε</span> <span class='ocrx_word' id='word_1_289' title='bbox 694 3683 807 3760; x_wconf 88' lang='grc' dir='ltr'>άλλως,</span> <span class='ocrx_word' id='word_1_290' title='bbox 830 3685 911 3750; x_wconf 85' lang='grc' dir='ltr'>ἀλλά</span> <span class='ocrx_word' id='word_1_291' title='bbox 927 3686 1021 3768; x_wconf 79' lang='grc' dir='ltr'>δῆλος</span> <span class='ocrx_word' id='word_1_292' title='bbox 1033 3684 1088 3767; x_wconf 83' lang='grc' dir='ltr'>μὲν</span> <span class='ocrx_word' id='word_1_293' title='bbox 1101 3687 1155 3766; x_wconf 74' lang='grc' dir='ltr'>τῆς</span> <span class='ocrx_word' id='word_1_294' title='bbox 1167 3684 1347 3768; x_wconf 86' lang='grc' dir='ltr'>προσθήκης</span> <span class='ocrx_word' id='word_1_295' title='bbox 1361 3682 1455 3767; x_wconf 82' lang='grc' dir='ltr'>δήλύς</span> 
     </span>
     <span class='ocr_line' id='line_1_32' title="bbox 337 3780 1455 3867; baseline 0 -24"><span class='ocrx_word' id='word_1_296' title='bbox 337 3803 370 3844; x_wconf 91' lang='grc' dir='ltr'>τε</span> <span class='ocrx_word' id='word_1_297' title='bbox 390 3785 444 3862; x_wconf 81' lang='grc' dir='ltr'>τῆς</span> <span class='ocrx_word' id='word_1_298' title='bbox 463 3780 659 3864; x_wconf 88' lang='grc' dir='ltr'>ἀφαιρέσεως</span> <span class='ocrx_word' id='word_1_299' title='bbox 681 3783 696 3844; x_wconf 86' lang='grc' dir='ltr'>ό</span> <span class='ocrx_word' id='word_1_300' title='bbox 722 3781 837 3866; x_wconf 89' lang='grc' dir='ltr'>καιρός.</span> <span class='ocrx_word' id='word_1_301' title='bbox 881 3781 970 3851; x_wconf 83' lang='grc' dir='ltr'>αὖθις</span> <span class='ocrx_word' id='word_1_302' title='bbox 992 3783 1027 3846; x_wconf 79' lang='grc' dir='ltr'>δὲ</span> <span class='ocrx_word' id='word_1_303' title='bbox 1045 3783 1133 3865; x_wconf 87' lang='grc' dir='ltr'>ήλιος</span> <span class='ocrx_word' id='word_1_304' title='bbox 1156 3780 1192 3844; x_wconf 84' lang='grc' dir='ltr'>οἰι</span> <span class='ocrx_word' id='word_1_305' title='bbox 1216 3780 1378 3867; x_wconf 86' lang='grc' dir='ltr'>βαρύνεται</span> <span class='ocrx_word' id='word_1_306' title='bbox 1401 3785 1455 3864; x_wconf 83' lang='grc' dir='ltr'>τῆς</span> 
     </span>
     <span class='ocr_line' id='line_1_33' title="bbox 337 3877 1452 3966; baseline 0.002 -27"><span class='ocrx_word' id='word_1_307' title='bbox 337 3878 444 3946; x_wconf 89' lang='grc' dir='ltr'>νυκτδς</span> <span class='ocrx_word' id='word_1_308' title='bbox 462 3878 517 3961; x_wconf 79' lang='grc' dir='ltr'>τήν</span> <span class='ocrx_word' id='word_1_309' title='bbox 538 3878 686 3964; x_wconf 84' lang='grc' dir='ltr'>διαδοχήν</span> <span class='ocrx_word' id='word_1_310' title='bbox 708 3877 783 3942; x_wconf 80' lang='grc' dir='ltr'>οῦδὲ</span> <span class='ocrx_word' id='word_1_311' title='bbox 803 3879 888 3966; x_wconf 90' lang='grc' dir='ltr'>ύβριν</span> <span class='ocrx_word' id='word_1_312' title='bbox 910 3881 1028 3964; x_wconf 80' lang='grc' dir='ltr'>ἡγεῖται</span> <span class='ocrx_word' id='word_1_313' title='bbox 1048 3880 1100 3942; x_wconf 90' lang='grc' dir='ltr'>τδν</span> <span class='ocrx_word' id='word_1_314' title='bbox 1122 3877 1216 3961; x_wconf 91' lang='grc' dir='ltr'>νόμον</span> <span class='ocrx_word' id='word_1_315' title='bbox 1234 3883 1288 3942; x_wconf 92' lang='grc' dir='ltr'>τοῦ</span> <span class='ocrx_word' id='word_1_316' title='bbox 1309 3879 1452 3963; x_wconf 87' lang='grc' dir='ltr'>δημιουρ-</span> 
     </span>
     <span class='ocr_line' id='line_1_34' title="bbox 337 3974 1455 4062; baseline 0.002 -26"><span class='ocrx_word' id='word_1_317' title='bbox 337 3975 504 4058; x_wconf 88' lang='grc' dir='ltr'>γήσαντος,</span> <span class='ocrx_word' id='word_1_318' title='bbox 537 3974 606 4038; x_wconf 79' lang='grc' dir='ltr'>ἀλλ’</span> <span class='ocrx_word' id='word_1_319' title='bbox 638 3977 758 4059; x_wconf 90' lang='grc' dir='ltr'>ἀγαθοῦ</span> <span class='ocrx_word' id='word_1_320' title='bbox 792 3978 906 4041; x_wconf 92' lang='grc' dir='ltr'>δούλου</span> <span class='ocrx_word' id='word_1_321' title='bbox 937 3977 1049 4062; x_wconf 90' lang='grc' dir='ltr'>τρόπον</span> <span class='ocrx_word' id='word_1_322' title='bbox 1079 3974 1208 4044; x_wconf 86' lang='grc' dir='ltr'>τελέσας</span> <span class='ocrx_word' id='word_1_323' title='bbox 1231 3976 1375 4040; x_wconf 85' lang='grc' dir='ltr'>ἀπνευστὶ</span> <span class='ocrx_word' id='word_1_324' title='bbox 1401 3980 1455 4059; x_wconf 76' lang='grc' dir='ltr'>τῆς</span> 
     </span>
     <span class='ocr_line' id='line_1_35' title="bbox 336 4071 1453 4161; baseline 0.002 -27"><span class='ocrx_word' id='word_1_325' title='bbox 336 4071 456 4156; x_wconf 76' lang='grc' dir='ltr'>ἡμέρας</span> <span class='ocrx_word' id='word_1_326' title='bbox 479 4074 530 4136; x_wconf 89' lang='grc' dir='ltr'>τδν</span> <span class='ocrx_word' id='word_1_327' title='bbox 557 4072 683 4158; x_wconf 89' lang='grc' dir='ltr'>δρόμον,</span> <span class='ocrx_word' id='word_1_328' title='bbox 710 4076 872 4161; x_wconf 81' lang='grc' dir='ltr'>ἀναχωρεῖ</span> <span class='ocrx_word' id='word_1_329' title='bbox 891 4097 926 4156; x_wconf 89' lang='grc' dir='ltr'>γε</span> <span class='ocrx_word' id='word_1_330' title='bbox 947 4073 966 4157; x_wconf 84' lang='grc' dir='ltr'>ή</span> <span class='ocrx_word' id='word_1_331' title='bbox 992 4071 1086 4158; x_wconf 90' lang='grc' dir='ltr'>νόμος</span> <span class='ocrx_word' id='word_1_332' title='bbox 1108 4071 1208 4158; x_wconf 77' lang='grc' dir='ltr'>αύτηῦ,</span> <span class='ocrx_word' id='word_1_333' title='bbox 1243 4073 1366 4156; x_wconf 81' lang='grc' dir='ltr'>σπουδή</span> <span class='ocrx_word' id='word_1_334' title='bbox 1384 4095 1453 4157; x_wconf 89' lang='grc' dir='ltr'>κρυ-</span> 
     </span>
     <span class='ocr_line' id='line_1_36' title="bbox 286 4168 1453 4256; baseline -0.003 -20"><span class='ocrx_word' id='word_1_335' title='bbox 286 4181 321 4236; x_wconf 71' lang='lat'>³5</span> <span class='ocrx_word' id='word_1_336' title='bbox 338 4168 501 4252; x_wconf 88' lang='grc' dir='ltr'>πτύμενυς,</span> <span class='ocrx_word' id='word_1_337' title='bbox 530 4173 576 4240; x_wconf 80' lang='grc' dir='ltr'>ὡς·</span> <span class='ocrx_word' id='word_1_338' title='bbox 599 4169 635 4234; x_wconf 82' lang='grc' dir='ltr'>ἀν</span> <span class='ocrx_word' id='word_1_339' title='bbox 662 4174 697 4237; x_wconf 92' lang='grc' dir='ltr'>τδ</span> <span class='ocrx_word' id='word_1_340' title='bbox 727 4173 840 4236; x_wconf 87' lang='grc' dir='ltr'>οἰκεῖον</span> <span class='ocrx_word' id='word_1_341' title='bbox 862 4169 971 4255; x_wconf 88' lang='grc' dir='ltr'>μέτρον</span> <span class='ocrx_word' id='word_1_342' title='bbox 993 4173 1013 4254; x_wconf 86' lang='grc' dir='ltr'>ή</span> <span class='ocrx_word' id='word_1_343' title='bbox 1037 4171 1088 4241; x_wconf 76' lang='grc' dir='ltr'>νύξ</span> <span class='ocrx_word' id='word_1_344' title='bbox 1114 4171 1271 4256; x_wconf 83' lang='grc' dir='ltr'>ἀπολάβη.</span> <span class='ocrx_word' id='word_1_345' title='bbox 1316 4169 1393 4234; x_wconf 82' lang='grc' dir='ltr'>τίδ’</span> <span class='ocrx_word' id='word_1_346' title='bbox 1417 4169 1453 4234; x_wconf 83' lang='grc' dir='ltr'>ἀν</span> 
     </span>
     <span class='ocr_line' id='line_1_37' title="bbox 337 4265 1454 4352; baseline 0 -22"><span class='ocrx_word' id='word_1_347' title='bbox 337 4265 435 4336; x_wconf 83' lang='grc' dir='ltr'>εἴποις</span> <span class='ocrx_word' id='word_1_348' title='bbox 460 4269 530 4352; x_wconf 87' lang='grc' dir='ltr'>περί</span> <span class='ocrx_word' id='word_1_349' title='bbox 556 4271 612 4352; x_wconf 86' lang='grc' dir='ltr'>γῆς</span> <span class='ocrx_word' id='word_1_350' title='bbox 637 4292 671 4334; x_wconf 91' lang='grc' dir='ltr'>τε</span> <span class='ocrx_word' id='word_1_351' title='bbox 694 4271 748 4334; x_wconf 86' lang='grc' dir='ltr'>καί</span> <span class='ocrx_word' id='word_1_352' title='bbox 768 4270 937 4352; x_wconf 80' lang='grc' dir='ltr'>θαλάττης,</span> <span class='ocrx_word' id='word_1_353' title='bbox 970 4272 1013 4338; x_wconf 80' lang='grc' dir='ltr'>ὡς</span> <span class='ocrx_word' id='word_1_354' title='bbox 1033 4270 1162 4334; x_wconf 79' lang='grc' dir='ltr'>ἕκαστον</span> <span class='ocrx_word' id='word_1_355' title='bbox 1186 4267 1290 4331; x_wconf 83' lang='grc' dir='ltr'>αὐτοῖν</span> <span class='ocrx_word' id='word_1_356' title='bbox 1313 4267 1378 4352; x_wconf 83' lang='grc' dir='ltr'>ὅρῳ</span> <span class='ocrx_word' id='word_1_357' title='bbox 1398 4268 1454 4330; x_wconf 88' lang='grc' dir='ltr'>τινί</span> 
     </span>
     <span class='ocr_line' id='line_1_38' title="bbox 336 4365 1451 4451; baseline 0.001 -23"><span class='ocrx_word' id='word_1_358' title='bbox 336 4365 591 4449; x_wconf 69' lang='grc' dir='ltr'>περιγέγραπται,</span> <span class='ocrx_word' id='word_1_359' title='bbox 617 4367 688 4430; x_wconf 77' lang='grc' dir='ltr'>ἀλλ’</span> <span class='ocrx_word' id='word_1_360' title='bbox 710 4367 790 4432; x_wconf 84' lang='grc' dir='ltr'>ἔστιν</span> <span class='ocrx_word' id='word_1_361' title='bbox 814 4368 888 4430; x_wconf 86' lang='grc' dir='ltr'>ἰδεῖν</span> <span class='ocrx_word' id='word_1_362' title='bbox 911 4368 964 4451; x_wconf 80' lang='grc' dir='ltr'>τὴν</span> <span class='ocrx_word' id='word_1_363' title='bbox 988 4366 1142 4430; x_wconf 88' lang='grc' dir='ltr'>θάλατταν</span> <span class='ocrx_word' id='word_1_364' title='bbox 1165 4365 1373 4450; x_wconf 80' lang='grc' dir='ltr'>κυρτουμίνην</span> <span class='ocrx_word' id='word_1_365' title='bbox 1397 4365 1451 4449; x_wconf 73' lang='grc' dir='ltr'>μὲν</span> 
     </span>
     <span class='ocr_line' id='line_1_39' title="bbox 336 4463 1452 4549; baseline 0 -23"><span class='ocrx_word' id='word_1_366' title='bbox 336 4469 400 4531; x_wconf 85' lang='grc' dir='ltr'>τοῖς</span> <span class='ocrx_word' id='word_1_367' title='bbox 430 4463 563 4547; x_wconf 89' lang='grc' dir='ltr'>κύμασι,</span> <span class='ocrx_word' id='word_1_368' title='bbox 596 4463 693 4546; x_wconf 91' lang='grc' dir='ltr'>νόμου</span> <span class='ocrx_word' id='word_1_369' title='bbox 722 4467 757 4528; x_wconf 84' lang='grc' dir='ltr'>δὲ</span> <span class='ocrx_word' id='word_1_370' title='bbox 782 4470 836 4549; x_wconf 75' lang='grc' dir='ltr'>τῆς</span> <span class='ocrx_word' id='word_1_371' title='bbox 854 4463 972 4548; x_wconf 84' lang='grc' dir='ltr'>ἐφόδου</span> <span class='ocrx_word' id='word_1_372' title='bbox 995 4463 1290 4548; x_wconf 85' lang='grc' dir='ltr'>κωλυομένην,’καὶ</span> <span class='ocrx_word' id='word_1_373' title='bbox 1314 4466 1371 4527; x_wconf 86' lang='grc' dir='ltr'>ὑπὸ</span> <span class='ocrx_word' id='word_1_374' title='bbox 1398 4465 1452 4548; x_wconf 80' lang='grc' dir='ltr'>μὲν</span> 
     </span>
     <span class='ocr_line' id='line_1_40' title="bbox 335 4559 1452 4648; baseline 0 -24"><span class='ocrx_word' id='word_1_375' title='bbox 335 4561 519 4645; x_wconf 81' lang='grc' dir='ltr'>πνευμάτων</span> <span class='ocrx_word' id='word_1_376' title='bbox 547 4561 655 4646; x_wconf 90' lang='grc' dir='ltr'>βιαίων</span> <span class='ocrx_word' id='word_1_377' title='bbox 682 4561 762 4625; x_wconf 80' lang='grc' dir='ltr'>κατὰ</span> <span class='ocrx_word' id='word_1_378' title='bbox 785 4567 841 4647; x_wconf 76' lang='grc' dir='ltr'>γῆς</span> <span class='ocrx_word' id='word_1_379' title='bbox 870 4559 1072 4646; x_wconf 81' lang='grc' dir='ltr'>ἀθουμένην,</span> <span class='ocrx_word' id='word_1_380' title='bbox 1105 4561 1194 4648; x_wconf 83' lang='grc' dir='ltr'>φόβῳ</span> <span class='ocrx_word' id='word_1_381' title='bbox 1222 4564 1257 4628; x_wconf 83' lang='grc' dir='ltr'>δὲ</span> <span class='ocrx_word' id='word_1_382' title='bbox 1278 4569 1332 4628; x_wconf 90' lang='grc' dir='ltr'>τοῦ</span> <span class='ocrx_word' id='word_1_383' title='bbox 1356 4562 1452 4647; x_wconf 89' lang='grc' dir='ltr'>νόμου</span> 
     </span>
    </p>
   </div>
   <div class='ocr_carea' id='block_1_4' title="bbox 0 0 1764 5434">
    <p class='ocr_par' dir='ltr' id='par_1_4' title="bbox 0 0 1764 5434">
     <span class='ocr_line' id='line_1_41' title="bbox 0 0 1764 5434; baseline 0 1"><span class='ocrx_word' id='word_1_384' title='bbox 0 0 1764 5434; x_wconf 95' lang='lat' dir='ltr'> </span> 
     </span>
    </p>
   </div>
  </div>
 </body>
</html>
