3517 5434
300 771 354 821 cap.
374 750 417 802 ll.
690 741 766 804 Νοῦς
782 743 850 814 πρὸς
863 741 967 814 Ἑρμῆν.
1320 740 1353 792 91

299 907 379 991 μιᾶς
401 897 501 981 οίίσης
521 901 581 980 τῆς
601 895 683 978 ὕλης
703 900 759 964 καί
780 900 860 982 μιᾶς
880 897 941 976 τῆς
961 893 1085 985 ψυχῆς,
1113 892 1206 982 παρά
1227 896 1293 960 τίνι
1314 891 1357 962 ἀν

301 1013 410 1081 αὐτῶν
431 1010 454 1092 ἦ
473 1011 616 1098 χορηγία
638 1010 697 1089 τῆς
718 1004 898 1090 αοιήοεως;
928 1011 955 1072 ai
978 1007 1013 1070 δέ
1034 1029 1067 1071 τι
1088 1008 1143 1071 καὶ
1170 1001 1263 1092 παρά
1292 1004 1356 1090 ἀμ-

268 1127 469 1214 summota,
492 1115 585 1210 παρά
607 1124 671 1185 τίνι
692 1113 732 1184 τά
754 1121 869 1184 πλεῖον
891 1121 1008 1203 μέρος,·
1037 1112 1122 1181 οὕτω
1145 1117 1179 1182 δὲ
1202 1113 1285 1196 νόει,
1314 1114 1358 1194 ὡς
1382 1109 1425 1180 10

300 1227 425 1308 παντὸς
447 1228 601 1316 σώματος
622 1231 743 1309 ζῶντος
764 1227 801 1308 ἐξ
821 1225 902 1309 ὕλης
924 1230 979 1293 καὶ
993 1231 1103 1313 ψυχῆς
1117 1223 1176 1307 τὴν
1198 1224 1358 1294 σύστασιν

301 1346 441 1428 ἔχοντος,
463 1346 519 1407 καὶ
541 1344 602 1408 τοῦ
623 1337 804 1405 ἀθανάτου
825 1342 882 1405 καὶ
904 1341 963 1404 τοῦ
985 1341 1117 1417 θνητοῦ
1137 1341 1193 1404 καὶ
1207 1341 1267 1403 τοῦ
1281 1335 1358 1403 ἀλό-

266 1469 369 1537 6ηον.
406 1448 517 1517 πάντα
538 1447 603 1537 γάρ
625 1448 764 1535 σώματα
780 1450 885 1529 ζῶντα
901 1451 1041 1539 ἔμψυχα,
1063 1445 1106 1513 τά
1126 1449 1160 1514 δὲ
1181 1443 1228 1533 μὴ
1251 1449 1357 1528 ζῶντα

300 1560 363 1643 ὕλη
391 1559 493 1628 πάλιν
526 1561 614 1628 καθ’
638 1558 759 1641 ἑαυτήν
787 1567 865 1626 ἐστι.
915 1562 972 1626 καὶ
999 1553 1092 1649 ψυχὴ
1127 1556 1249 1642 ὁμοίως
1275 1560 1361 1625 καθ’

301 1669 423 1754 ἑαυτὴν
442 1678 490 1758 τῷ
511 1674 631 1761 ποιητῇ
652 1675 889 1757 παρακειμένη,
916 1671 976 1750 τῆς
998 1670 1083 1750 ζωῆς
1105 1671 1212 1734 alula·
1240 1671 1301 1750 τῆς
1322 1671 1358 1736 δὲ

267 1805 283 1856 9
302 1783 386 1864 ζωῆς
406 1780 518 1864 τιοίσης
539 1781 645 1858 αίτιος
667 1780 685 1848 ὁ
707 1784 774 1848 τῶν
797 1778 995 1848 ἀθανάτων.

372 1892 522 1979 Ἑρμῆς·
569 1895 652 1969 Πῶς
687 1883 747 1958 οὖν
774 1894 830 1956 καὶ
858 1888 900 1956 τά
928 1884 1043 1970 θνητά
1077 1891 1145 1969 ζῶα
1178 1885 1265 1955 ἀλλα
1291 1892 1357 1956 τῶν

302 2007 458 2087 θνητῶνς
481 2007 550 2082 πῶς
571 2005 606 2070 δὲ
621 1999 660 2069 τὰ
675 1998 856 2069 ἀθάνατον
876 2004 933 2068 καὶ
955 1999 1154 2066 ἀθανασίαν
1175 2003 1293 2067 ποιοῦν
1314 1995 1358 2066 τά

250 2138 284 2190 12
302 2115 369 2194 ζῶα
391 2109 438 2198 μὴ
460 2124 564 2198 ποιοῖς

368 2229 487 2302 Νοῦς.
521 2227 593 2293 Καὶ
616 2219 668 2290 ὅτι
688 2229 749 2310 μέν
771 2225 843 2290 tori
865 2247 914 2300 τις
937 2221 955 2288 ὁ
977 2225 1082 2289 ποιῶν
1110 2225 1215 2287 ταῦτα
1238 2223 1358 2302 δῆλον·
1383 2216 1421 2283 11

301 2333 352 2402 ὅτι
374 2338 410 2402 δὲ
430 2340 486 2403 καί
509 2335 555 2415 εἷς
576 2333 821 2427 φανερώτατον.
858 2337 914 2401 καὶ
936 2329 1000 2424 γάρ
1022 2336 1084 2420 μία
1105 2336 1195 2425 ψυχή
1218 2335 1273 2399 καὶ
1295 2336 1357 2418 μία

251 2471 284 2523 15
301 2442 366 2528 ζωὴ
388 2451 445 2514 καὶ
465 2453 528 2534 μία
549 2446 621 2529 ὕλη.

314 2616 318 2622 .
371 2555 519 2645 Ἑρμῆς·
559 2562 618 2635 Τίς
640 2559 675 2624 δὲ
697 2549 810 2640 οὗτος,·

373 2791 397 2843 1.
415 2795 460 2843 καί
477 2790 540 2861 μιᾶς
557 2791 606 2860 τῆς
623 2789 708 2861 ψυχῆς
725 2809 776 2841 om.
794 2789 862 2840 Patr.
932 2789 958 2841 2.
977 2787 1062 2862 παρά]
1081 2791 1142 2861 περὶ
1159 2791 1191 2843 Α.
1262 2789 1287 2842 9.
1307 2787 1357 2842 πά-

372 2874 430 2944 σης]
449 2876 485 2927 aie
501 2877 532 2935 Β,
550 2878 602 2936 πᾶς
618 2873 645 2928 Δ
656 2877 736 2926 Turn.
754 2875 848 2938 Flam,
865 2873 919 2932 πῶς
937 2874 1003 2926 Patr.
1061 2875 1103 2926 10.
1121 2893 1176 2944 aqq.
1194 2893 1357 2946 personarum

376 2961 561 3013 distinctionem
582 2981 611 3012 ex
630 2960 702 3012 Tieti.
720 2958 825 3028 sumpsi.
916 2957 956 3009 11.
979 2959 1093 3025 θνητῶν]
1117 2955 1265 3012 ἀθανάτων
1284 2961 1357 3012 Tied.

373 3049 415 3101 11.
434 3048 476 3100 lt.
495 3048 532 3100 τά
550 3045 613 3114 ζῶα]
631 3045 667 3098 aie
684 3046 763 3110 Petu,
778 3044 816 3097 τά
834 3043 904 3108 trina
923 3042 978 3109 AB,
996 3042 1061 3108 ζῶον
1078 3043 1178 3114 reliqui.
1236 3044 1278 3098 lt.
1297 3067 1356 3098 ποι-

373 3141 411 3188 εῖν
429 3135 484 3188 ΑΒ.
557 3133 598 3185 ll.
617 3135 647 3185 tt
663 3151 714 3184 om.
735 3133 765 3182 A.

301 3357 409 3412 materia
431 3364 459 3410 et
481 3373 533 3409 nna
556 3353 656 3421 anima,
678 3371 763 3430 panea
782 3371 921 3428 quemnam
944 3370 1036 3407 eorum
1059 3353 1178 3428 erogatio
1196 3354 1248 3408 erit
1266 3352 1357 3409 factio-

300 3442 360 3497 οἱοί
383 3450 411 3520 et
427 3442 451 3497 ai
470 3439 534 3516 quid
553 3437 625 3517 apud
646 3447 790 3514 utrosque,
811 3457 993 3516 paucaquem
1016 3440 1100 3494 maior
1121 3439 1203 3516 paral
1226 3442 1267 3495 aie
1289 3459 1356 3496 vero

301 3530 401 3604 cogita,
424 3545 502 3582 omne
524 3545 623 3601 eorpus
645 3527 739 3581 vivens
758 3545 790 3581 ex
808 3527 916 3580 materia
936 3535 963 3581 et
981 3525 1066 3580 anima
1090 3527 1292 3582 consistentiam
1311 3525 1357 3582 ha-

300 3612 381 3680 bere,
403 3622 456 3666 tam
479 3611 629 3666 immortale
651 3630 728 3685 quam
751 3610 864 3666 mortale
888 3621 914 3666 et
932 3609 1093 3668 irrationale.
1130 3614 1217 3666 omnia
1241 3633 1356 3687 namque

302 3713 415 3772 eorpora
433 3699 550 3750 viventia
572 3698 684 3750 animata
703 3706 780 3762 eunt,
802 3715 858 3750 non
880 3698 997 3753 viventia
1015 3715 1080 3754 vero
1098 3696 1169 3752 nuda
1188 3717 1237 3774 per
1255 3717 1286 3752 ee
1304 3718 1356 3753 ma·

301 3783 377 3836 teria.
414 3789 442 3834 et
459 3783 545 3835 anima
556 3780 681 3837 similiter
691 3801 741 3857 per
753 3801 783 3836 se
794 3783 881 3857 ipsam
894 3781 988 3836 factori
1005 3781 1146 3850 recedens,
1163 3785 1235 3839 vitae
1248 3803 1355 3852 eausam

302 3868 389 3922 omnis
407 3875 495 3922 autem
514 3869 560 3942 qui
578 3868 648 3921 vitae
667 3885 760 3922 cautae
779 3875 822 3920 eat
838 3865 1027 3920 immortalium
1045 3887 1139 3922 caussa
1158 3877 1207 3923 eat.

353 3951 498 4008 Hermes.
527 3951 673 4025 Quomodo
691 3970 754 4028 ergo
773 3959 800 4006 et
824 3951 947 4006 mortalia
965 3952 1085 4006 animalia
1104 3952 1154 4007 alia
1173 3963 1236 4010 aunt
1254 3976 1268 4008 a
1286 3973 1355 4009 mor·

300 4036 417 4094 talibus?
441 4038 578 4115 quomodo
597 4047 624 4094 et
640 4036 789 4094 immortale
806 4046 835 4093 et
852 4035 1076 4093 immortalitatem
1094 4037 1214 4095 efficiens
1233 4039 1356 4095 animalia

300 4142 356 4178 non
373 4123 453 4180 iacit?

354 4207 453 4264 liena.
486 4209 569 4284 Quod
593 4208 701 4285 quidem
722 4208 819 4285 aliquia
842 4211 880 4265 rit
902 4208 968 4266 haee
987 4207 1122 4278 efficient,
1146 4219 1256 4280 eertum;
1282 4209 1355 4286 quod

303 4293 382 4346 etiam
404 4313 487 4362 unua,
515 4295 701 4352 clarissimum.
740 4297 839 4352 etenim
865 4316 916 4353 una
940 4296 1025 4352 anima
1048 4305 1077 4352 et
1099 4315 1151 4352 una
1176 4297 1230 4351 vita
1254 4305 1281 4350 et
1303 4315 1354 4351 una

302 4379 420 4432 materia.

356 4461 499 4520 Hermes.
528 4466 598 4540 Quia
616 4484 681 4523 vero
697 4465 759 4520 hiet
