3517 5434
317 713 371 763 cap.
391 691 416 742 l.
753 687 930 759 Ποιμάνδρης.
1357 688 1376 741 3

317 845 421 928 αὐτῆς
442 841 667 933 ἁσυνόρθρμις
688 840 892 929 ἐξεπέμπετο,
915 841 958 920 ὡς
979 839 1108 910 εἰκάσαι
1122 842 1237 931 φωνην
1252 841 1372 934 φωτός.

318 950 893 1059 tx,uod‚pujdfflQdycoc
921 955 1021 1039 ἐπέβη
1044 957 1083 1046 τῇ
1106 950 1210 1046 φύσει,
1234 956 1290 1020 καὶ
1312 957 1376 1042 πῦρ
1401 954 1420 1018 5
1442 947 1518 1007 'ium
1532 965 1550 992 ’ν

282 1082 298 1132 3
318 1063 465 1154 ἄκρατον
487 1065 685 1146 ἐξεπήδησεν
706 1072 743 1133 ἐκ
764 1066 823 1146 τῆς
843 1064 947 1154 ὑγροῖς
962 1061 1091 1155 φύσεως
1113 1060 1181 1130 ἄνω
1205 1071 1250 1142 εὶς
1271 1061 1373 1157 ῦψος·

316 1181 446 1267 κοῦφον
473 1179 510 1243 δὲ
536 1168 579 1259 ἦν
606 1181 663 1244 καὶ
692 1174 765 1258 ὀξύ,
793 1173 971 1265 δραστικόν
998 1201 1033 1243 τε
1056 1172 1144 1262 ἅμα·
1173 1178 1228 1242 καὶ
1258 1171 1375 1264 ὁάήρ,

317 1286 464 1379 ἐλαφρὸς
485 1282 539 1368 όν,
562 1286 775 1370 ἠκολούθησε
796 1291 844 1373 τῷ
856 1285 1027 1372 πνεύματι,
1049 1285 1294 1373 ἀναβαίνοντος
1316 1285 1376 1354 αὐ-

283 1414 300 1464 6
318 1403 378 1467 τοῦ
399 1405 494 1489 μέχρι
514 1405 576 1468 τοῦ
594 1396 699 1488 πυρός
721 1396 788 1466 ἀπὸ
810 1403 871 1485 γῆς
892 1403 949 1468 καὶ
971 1395 1100 1477 ὕδατος,
1123 1397 1166 1476 ὡς
1186 1401 1294 1465 δοκεῖν
1309 1404 1378 1486 κρέ-

317 1514 457 1596 μασθαι
485 1507 588 1581 αὐτόν
617 1510 677 1578 ἀπ’
702 1510 815 1577 αὐτοῦ.
844 1514 889 1596 γῆ
918 1514 952 1580 δέ
980 1513 1037 1576 καὶ
1065 1506 1152 1596 ὕδωρ
1181 1511 1271 1594 ἐμενε
1294 1509 1373 1576 καθ’

318 1617 421 1688 ἑαυτοῦ
446 1628 703 1710 σνμμεμιγμένα,
726 1619 769 1700 ὡς
783 1619 830 1708 μὴ
846 1625 1057 1708 θεωρεῖσθαι
1078 1616 1146 1687 ἀπό
1162 1623 1223 1688 τοῦ
1238 1617 1376 1698 ὕδατος·
1418 1702 1422 1723 ί

283 1748 300 1798 9
317 1731 494 1820 κινούμενα
517 1736 552 1800 δέ
573 1725 616 1815 ἦν
638 1729 694 1800 διδ
709 1730 768 1801 τόν
789 1731 1028 1824 ἐπιφερόμενον
1042 1726 1262 1818 πνευματικόν
1277 1729 1378 1818 λόγον
1412 1705 1476 1791 *s*
1505 1731 1511 1767 ³

320 1851 365 1922 εὶς
386 1842 501 1924 ἀκοήν.

382 1953 421 2020 Ὁ
449 1957 484 2021 δέ
511 1950 733 2042 Ποιμανδρης
760 1955 848 2039 ἐμοῦ,
873 1951 1050 2034 Ένόησας,
1081 1959 1180 2046 φησί,
1208 1952 1270 2036 τὴν
1292 1955 1381 2022 θέαν
1405 1957 1424 2024 6

267 2095 301 2145 12
319 2061 516 2146 ταύτην-ότι
538 2067 595 2130 καὶ
616 2061 788 2149 dorileum
815 2065 888 2130 Καὶ
910 2061 1088 2150 γνώσομαι,
1111 2069 1196 2158 ἐφην
1219 2063 1290 2150 ἐγώ.
1331 2061 1377 2132 Τό
1429 2057 1432 2064 ’

320 2181 392 2269 φῶς
414 2164 531 2256 ἐκεῖνο,
554 2178 634 2266 ἐφη,
657 2174 719 2261 ἐγώ
742 2182 807 2262 ελμι
828 2179 906 2254 νοῦς
929 2174 946 2242 ὁ
971 2171 1030 2254 σός
1052 2173 1149 2256 θεός,
1179 2175 1198 2242 ὁ
1221 2170 1286 2263 πρὸ
1316 2173 1379 2266 φῦ·
1406 2169 1409 2174 ’

319 2313 400 2366 σεως
422 2288 526 2376 ὑγρᾶς
546 2288 606 2368 τῆς
628 2293 664 2354 ἐκ
686 2286 825 2366 σκότους
853 2289 1031 2380 φανείσης·
1055 2285 1073 2354 ὁ
1098 2289 1132 2354 δέ
1155 2293 1191 2354 ἐκ
1212 2285 1380 2384 νοὸς-φω-

268 2430 300 2479 15
319 2395 423 2477 τεινδς
444 2397 557 2484 λόγος,
586 2394 656 2476 υἱός
678 2403 774 2468 θεοῦ.
825 2403 867 2466 Τι’
889 2389 966 2483 oder
989 2400 1086 2490 φημί.
1138 2393 1230 2464 Οὕτω
1252 2401 1379 2484 γνῶθι·

318 2506 356 2578 τὸ
379 2518 415 2577 ἐν
437 2513 492 2577 σοὶ
513 2513 638 2593 βλέπον
659 2514 716 2576 καὶ
745 2509 883 2590 ἀκοῦον,
911 2507 1010 2595 λόγος
1038 2511 1165 2598 κυρίου,
1194 2508 1212 2576 ὁ
1238 2512 1272 2576 δέ
1301 2512 1379 2587 νοῦς

318 2618 427 2709 πατὴρ
450 2617 548 2700 θεός·
572 2619 613 2689 οῦ
635 2616 700 2710 γόρ
719 2623 906 2690 διίστανται
922 2619 973 2688 ἀπ’
997 2617 1163 2701 ἀλλήλων·
1181 2627 1299 2714 ἔνοσις
1349 2615 1354 2638 “
1400 2618 1421 2690 [ἶ
1437 2651 1450 2673 r
1528 2629 1584 2674 sc«

1314 2750 1386 2790 idm.
1436 2755 1494 2786 amp.
1527 2763 1540 2777 ς.

391 2801 416 2852 l.
444 2795 625 2871 οἴσονόιρθρως
647 2803 803 2869 ἐξεπέμπετο
830 2821 880 2852 orn.
903 2803 933 2850 A.
1044 2801 1069 2852 2.
1090 2797 1152 2866 τοῦ]
1178 2803 1205 2852 δὲ
1230 2799 1277 2850 ΑΒ
1298 2800 1378 2852 Turn.
1393 2841 1403 2868 ,Ι
1495 2867 1497 2873 y

390 2880 497 2950 Flacci!
530 2883 580 2948 τις]
600 2887 628 2936 τὶ
646 2885 668 2934 Β
688 2881 768 2936 Turn.
787 2887 868 2938 Fluss.
889 2905 939 2935 om.
959 2885 991 2936 Α.
1063 2885 1088 2938 3.
1108 2881 1260 2954 ἐξεπήδησεν
1277 2906 1329 2937 om.
1347 2871 1399 2938 Α..

390 2971 416 3020 d.
434 2970 535 3037 κοῦφον
558 2971 585 3019 δὲ
609 2988 659 3019 orn.
681 2969 710 3018 Λ.
782 2968 808 3018 6.
831 2966 941 3032 ὕδατος]
963 2967 1060 3037 Ἐρμῆς
1083 2969 1097 3021 ὃ
1121 2975 1305 3038 τρισμέγιστος
1328 2967 1379 3040 ὁρᾷ

390 3053 497 3125 τριάδα,
515 3047 547 3120 ἣν
564 3049 735 3123 Ποιμάνδρης
758 3055 901 3119 δείκνυσιν,
920 3071 997 3116 marg.
1018 3053 1046 3102 B.
1130 3053 1156 3104 7.
1175 3048 1234 3119 ἀπ’]
1254 3049 1292 3106 ἐπ’
1313 3054 1378 3107 Patr.

390 3140 432 3192 10.
445 3143 483 3197 εἰς
494 3133 578 3206 ἀκοήν
590 3159 641 3189 om.
655 3139 720 3190 Patr.
787 3137 826 3190 12.
839 3135 984 3206 γνώσομαι]
998 3136 1068 3202 ζήτει
1080 3157 1156 3204 marg.
1171 3139 1200 3190 B.
1256 3137 1297 3190 13.
1313 3137 1377 3210 εἰμι]

389 3225 424 3276 sic
442 3225 511 3275 Patr.
528 3245 578 3276 om.
598 3224 696 3293 reliqui.
771 3224 811 3276 l'l.
847 3223 899 3294 γὰρ
918 3237 974 3292 post
993 3218 1025 3276 οῦ
1043 3241 1094 3276 om.
1112 3223 1181 3276 Patr.

319 3379 493 3448 indicibilem,
511 3379 659 3455 lugubrem.
677 3378 742 3436 inde
760 3398 813 3434 vox
830 3398 864 3435 ex
884 3379 942 3455 ipsa
961 3377 1130 3436 inarticulata
1150 3377 1331 3448 emittebatur,
1349 3390 1379 3436 ut

320 3469 472 3544 suspicarer
484 3487 577 3522 rocem
595 3487 656 3522 esse
673 3465 750 3522 lucis.
770 3485 805 3520 ex
823 3464 884 3522 lune
902 3485 967 3520 vera
980 3464 1091 3524 verbum
1111 3465 1245 3540 quoddam
1258 3475 1381 3524 sanctum

320 3553 479 3608 conscendit
495 3555 582 3630 ipsam
600 3563 730 3619 naturam,
748 3559 776 3606 et
793 3552 863 3625 ignis
882 3552 1004 3608 sincerus
1018 3549 1105 3607 exiliit
1117 3572 1151 3608 ex
1162 3551 1271 3608 humida
1285 3563 1378 3608 natura

318 3659 426 3694 sursum
443 3641 473 3694 in
490 3639 613 3696 sublime.
632 3639 701 3704 levis
719 3649 808 3694 autem
825 3647 883 3693 erat
901 3647 928 3694 et
946 3647 1040 3694 acutus
1059 3647 1140 3713 atquc
1157 3636 1258 3694 ellieax.
1279 3647 1307 3692 et
1324 3645 1379 3706 adr,

319 3726 425 3801 etipse
443 3724 525 3791 levis,
544 3735 655 3782 secutus
673 3735 716 3781 est
732 3727 857 3801 spiritum
885 3722 1073 3780 ascendentem
1103 3723 1239 3800 usquead
1259 3727 1346 3799 ignem
1362 3747 1378 3779 a

319 3820 390 3866 terra
409 3820 437 3864 et
460 3831 539 3886 aqna,
562 3820 594 3866 ut
614 3811 752 3867 videretur
775 3811 809 3866 ab
832 3811 894 3887 ipso
917 3809 1068 3887 suspendi..
1082 3820 1152 3866 terra
1177 3831 1241 3866 veru
1266 3821 1293 3866 et
1311 3832 1378 3887 aqua

318 3906 505 3952 remanserunt
523 3898 550 3951 in
569 3917 599 3952 se
618 3898 766 3963 commista,
784 3907 815 3952 ut
833 3917 887 3952 uon
901 3905 1074 3954 cernerentur
1090 3895 1122 3952 ab
1142 3918 1218 3973 aqua.
1238 3897 1379 3956 moveban-

319 3994 418 4060 turqne
436 3984 472 4039 ub·
490 3981 594 4039 illatum
612 3981 753 4058 spirituale
771 3982 883 4040 verbnm
902 3982 935 4038 ad
954 3981 1079 4038 anditum.

374 4069 453 4126 'l'nnc
475 4067 642 4126 Poemander
664 4069 698 4128 ad
720 4089 776 4126 me:
803 4067 1000 4126 lntcllexistinc
1028 4069 1080 4124 huc
1102 4067 1286 4147 spectaculum
1313 4069 1379 4145 quid

321 4156 374 4211 sibi
392 4156 474 4212 velit?
502 4156 538 4212 Et
556 4175 728 4233 cognoscam,
747 4158 854 4232 inquam
873 4175 930 4232 ego.
967 4156 1027 4212 Lux
1045 4154 1104 4223 illa,
1128 4156 1228 4232 inquit,
1253 4175 1301 4230 ego
1319 4175 1379 4212 sum

321 4261 410 4309 mens,
429 4253 492 4298 tuns
512 4243 592 4311 dens,
611 4245 657 4319 qui
676 4252 718 4298 est
736 4252 799 4298 ante
816 4241 952 4298 humidam
971 4252 1101 4310 naturum,
1121 4262 1189 4318 quae
1208 4261 1242 4298 ex
1260 4241 1378 4296 tenebris

321 4330 454 4402 apparuit.
479 4328 545 4385 illud
569 4350 633 4386 reru
657 4350 691 4385 ex
713 4339 802 4386 mente
825 4327 945 4386 lucidum
968 4328 1093 4395 verbum,
1117 4328 1191 4384 filius
1216 4327 1267 4383 dei.
1305 4327 1381 4399 Quid·

322 4413 403 4485 erge?
420 4415 539 4487 inquam.
557 4414 606 4472 ste
623 4435 713 4472 nosce.
733 4415 807 4490 qnod
826 4416 854 4471 in
871 4425 899 4492 te
910 4414 988 4474 ridet
1006 4425 1033 4472 et
1051 4413 1127 4472 audit
1144 4413 1254 4471 verbum
1273 4421 1315 4468 est
1333 4411 1382 4468 dn·

1134 4506 1178 4571 1*
