<?xml version="1.0" encoding="UTF-8"?>
<!DOCTYPE html PUBLIC "-//W3C//DTD XHTML 1.0 Transitional//EN"
    "http://www.w3.org/TR/xhtml1/DTD/xhtml1-transitional.dtd">
<html xmlns="http://www.w3.org/1999/xhtml" xml:lang="en" lang="en">
 <head>
  <title>
</title>
<meta http-equiv="Content-Type" content="text/html;charset=utf-8" />
  <meta name='ocr-system' content='tesseract 3.04.00' />
  <meta name='ocr-capabilities' content='ocr_page ocr_carea ocr_par ocr_line ocrx_word'/>
</head>
<body>
  <div class='ocr_page' id='page_1' title='image "./poemander00trisgoog_0189.png"; bbox 0 0 3517 5434; ppageno 0'>
   <div class='ocr_carea' id='block_1_1' title="bbox 849 685 1426 762">
    <p class='ocr_par' dir='ltr' id='par_1_1' title="bbox 849 685 1426 762">
     <span class='ocr_line' id='line_1_1' title="bbox 849 685 1426 762; baseline 0.01 -7"><span class='ocrx_word' id='word_1_1' title='bbox 849 685 887 746; x_wconf 74' lang='lat'>1⁷</span> <span class='ocrx_word' id='word_1_2' title='bbox 1255 699 1426 762; x_wconf 70' lang='grc' dir='ltr'>εις-ἐλ</span> 
     </span>
    </p>
   </div>
   <div class='ocr_carea' id='block_1_2' title="bbox 306 847 1561 4642">
    <p class='ocr_par' dir='ltr' id='par_1_2' title="bbox 306 847 1535 3956">
     <span class='ocr_line' id='line_1_2' title="bbox 309 847 1428 936; baseline 0 -23"><span class='ocrx_word' id='word_1_3' title='bbox 309 850 494 933; x_wconf 88' lang='grc' dir='ltr'>λογῶτερον,</span> <span class='ocrx_word' id='word_1_4' title='bbox 520 850 547 913; x_wconf 90' lang='grc' dir='ltr'>εἰ</span> <span class='ocrx_word' id='word_1_5' title='bbox 576 847 713 931; x_wconf 76' lang='grc' dir='ltr'><strong>θελήσας</strong></span> <span class='ocrx_word' id='word_1_6' title='bbox 739 849 813 918; x_wconf 89' lang='grc' dir='ltr'>θεδς</span> <span class='ocrx_word' id='word_1_7' title='bbox 835 853 891 933; x_wconf 90' lang='grc' dir='ltr'>γῆν</span> <span class='ocrx_word' id='word_1_8' title='bbox 918 847 1080 920; x_wconf 73' lang='grc' dir='ltr'>ἐξελέσθαι</span> <span class='ocrx_word' id='word_1_9' title='bbox 1109 856 1164 936; x_wconf 83' lang='grc' dir='ltr'>τῆς</span> <span class='ocrx_word' id='word_1_10' title='bbox 1189 855 1307 933; x_wconf 77' lang='grc' dir='ltr'><strong>κακίας,</strong></span> <span class='ocrx_word' id='word_1_11' title='bbox 1335 860 1369 922; x_wconf 74' lang='grc' dir='ltr'>τὸ</span> <span class='ocrx_word' id='word_1_12' title='bbox 1394 857 1428 922; x_wconf 77' lang='grc' dir='ltr'>ἐκ</span> 
     </span>
     <span class='ocr_line' id='line_1_3' title="bbox 308 945 1428 1040; baseline 0.007 -31"><span class='ocrx_word' id='word_1_13' title='bbox 308 949 363 1029; x_wconf 87' lang='grc' dir='ltr'>τῆς</span> <span class='ocrx_word' id='word_1_14' title='bbox 394 946 473 1015; x_wconf 89' lang='grc' dir='ltr'>ἰδίας</span> <span class='ocrx_word' id='word_1_15' title='bbox 501 945 626 1030; x_wconf 89' lang='grc' dir='ltr'>φύσεως</span> <span class='ocrx_word' id='word_1_16' title='bbox 658 947 772 1029; x_wconf 86' lang='grc' dir='ltr'>γυμνὸν</span> <span class='ocrx_word' id='word_1_17' title='bbox 803 948 981 1031; x_wconf 83' lang='grc' dir='ltr'>προσήκατο</span> <span class='ocrx_word' id='word_1_18' title='bbox 1013 949 1056 1017; x_wconf 85' lang='grc' dir='ltr'>εἰς</span> <span class='ocrx_word' id='word_1_19' title='bbox 1089 949 1173 1035; x_wconf 89' lang='grc' dir='ltr'>ύβριν</span> <span class='ocrx_word' id='word_1_20' title='bbox 1204 953 1345 1040; x_wconf 76' lang='grc' dir='ltr'>χαλεπὴν</span> <span class='ocrx_word' id='word_1_21' title='bbox 1377 957 1428 1020; x_wconf 86' lang='grc' dir='ltr'>καί</span> 
     </span>
     <span class='ocr_line' id='line_1_4' title="bbox 309 1043 1427 1136; baseline 0.009 -30"><span class='ocrx_word' id='word_1_22' title='bbox 309 1043 484 1128; x_wconf 81' lang='grc' dir='ltr'>διαφθορὰν</span> <span class='ocrx_word' id='word_1_23' title='bbox 510 1043 605 1126; x_wconf 86' lang='grc' dir='ltr'>αὐτῆς</span> <span class='ocrx_word' id='word_1_24' title='bbox 630 1065 666 1125; x_wconf 90' lang='grc' dir='ltr'>γε</span> <span class='ocrx_word' id='word_1_25' title='bbox 691 1048 746 1127; x_wconf 87' lang='grc' dir='ltr'>τῆς</span> <span class='ocrx_word' id='word_1_26' title='bbox 774 1043 881 1112; x_wconf 83' lang='grc' dir='ltr'>οὐσίας</span> <span class='ocrx_word' id='word_1_27' title='bbox 910 1050 1057 1109; x_wconf 90' lang='grc' dir='ltr'>τοσοῦτον</span> <span class='ocrx_word' id='word_1_28' title='bbox 1092 1047 1190 1110; x_wconf 81' lang='grc' dir='ltr'>αἰῶνα</span> <span class='ocrx_word' id='word_1_29' title='bbox 1218 1050 1427 1136; x_wconf 72' lang='grc' dir='ltr'>καθεζόμενον</span> 
     </span>
     <span class='ocr_line' id='line_1_5' title="bbox 308 1131 1535 1235; baseline 0.007 -31"><span class='ocrx_word' id='word_1_30' title='bbox 308 1141 399 1225; x_wconf 81' lang='grc' dir='ltr'>κακίηι</span> <span class='ocrx_word' id='word_1_31' title='bbox 426 1145 607 1223; x_wconf 86' lang='grc' dir='ltr'>συνοικῆσον</span> <span class='ocrx_word' id='word_1_32' title='bbox 632 1141 684 1205; x_wconf 85' lang='grc' dir='ltr'>καὶ</span> <span class='ocrx_word' id='word_1_33' title='bbox 711 1139 840 1224; x_wconf 88' lang='grc' dir='ltr'>μεθέξον</span> <span class='ocrx_word' id='word_1_34' title='bbox 868 1143 963 1226; x_wconf 88' lang='grc' dir='ltr'>αὐτῆς</span> <span class='ocrx_word' id='word_1_35' title='bbox 990 1143 1041 1206; x_wconf 84' lang='grc' dir='ltr'>καί</span> <span class='ocrx_word' id='word_1_36' title='bbox 1070 1149 1303 1228; x_wconf 85' lang='grc' dir='ltr'>συναμαρτῆσον</span> <span class='ocrx_word' id='word_1_37' title='bbox 1331 1150 1428 1235; x_wconf 77' lang='grc' dir='ltr'>αὐτῆ·</span> <span class='ocrx_word' id='word_1_38' title='bbox 1531 1131 1535 1136; x_wconf 44' lang='grc'><strong>’</strong></span> 
     </span>
     <span class='ocr_line' id='line_1_6' title="bbox 309 1237 1461 1326; baseline 0.007 -24"><span class='ocrx_word' id='word_1_39' title='bbox 309 1238 385 1322; x_wconf 90' lang='grc' dir='ltr'>δπερ</span> <span class='ocrx_word' id='word_1_40' title='bbox 405 1239 475 1323; x_wconf 90' lang='grc' dir='ltr'>μίαν</span> <span class='ocrx_word' id='word_1_41' title='bbox 493 1242 567 1321; x_wconf 94' lang='grc' dir='ltr'>γοῦν</span> <span class='ocrx_word' id='word_1_42' title='bbox 591 1240 674 1323; x_wconf 86' lang='grc' dir='ltr'>ῶραν</span> <span class='ocrx_word' id='word_1_43' title='bbox 697 1240 717 1322; x_wconf 86' lang='grc' dir='ltr'>ῆ</span> <span class='ocrx_word' id='word_1_44' title='bbox 740 1237 855 1323; x_wconf 87' lang='grc' dir='ltr'>χρύνου</span> <span class='ocrx_word' id='word_1_45' title='bbox 880 1239 1006 1325; x_wconf 77' lang='grc' dir='ltr'>στιγμὴν</span> <span class='ocrx_word' id='word_1_46' title='bbox 1029 1240 1139 1304; x_wconf 79' lang='grc' dir='ltr'>παθεῖν</span> <span class='ocrx_word' id='word_1_47' title='bbox 1164 1241 1218 1326; x_wconf 84' lang='grc' dir='ltr'>τῆν</span> <span class='ocrx_word' id='word_1_48' title='bbox 1243 1242 1349 1308; x_wconf 93' lang='grc' dir='ltr'>οὐσίαν</span> <span class='ocrx_word' id='word_1_49' title='bbox 1371 1243 1461 1311; x_wconf 71' lang='grc' dir='ltr'>τοῦ5</span> 
     </span>
     <span class='ocr_line' id='line_1_7' title="bbox 308 1327 1427 1424; baseline 0.009 -27"><span class='ocrx_word' id='word_1_50' title='bbox 308 1336 397 1411; x_wconf 92' lang='grc' dir='ltr'>θεοῦ,</span> <span class='ocrx_word' id='word_1_51' title='bbox 415 1333 459 1403; x_wconf 86' lang='grc' dir='ltr'>ῶς</span> <span class='ocrx_word' id='word_1_52' title='bbox 477 1327 666 1419; x_wconf 75' lang='grc' dir='ltr'>ὑποταγῆναι</span> <span class='ocrx_word' id='word_1_53' title='bbox 686 1337 778 1421; x_wconf 72' lang='grc' dir='ltr'>κακίᾳ</span> <span class='ocrx_word' id='word_1_54' title='bbox 798 1339 850 1401; x_wconf 86' lang='grc' dir='ltr'>καὶ</span> <span class='ocrx_word' id='word_1_55' title='bbox 866 1340 961 1423; x_wconf 91' lang='grc' dir='ltr'>ταύτη</span> <span class='ocrx_word' id='word_1_56' title='bbox 986 1343 1230 1424; x_wconf 87' lang='grc' dir='ltr'>σοναμαρτῆσαι,</span> <span class='ocrx_word' id='word_1_57' title='bbox 1242 1343 1293 1404; x_wconf 83' lang='grc' dir='ltr'>καὶ</span> <span class='ocrx_word' id='word_1_58' title='bbox 1306 1345 1427 1408; x_wconf 90' lang='grc' dir='ltr'>πάντων</span> 
     </span>
     <span class='ocr_line' id='line_1_8' title="bbox 310 1431 1428 1523; baseline 0.006 -27"><span class='ocrx_word' id='word_1_59' title='bbox 310 1434 503 1517; x_wconf 86' lang='grc' dir='ltr'>ἀλογῶτερον</span> <span class='ocrx_word' id='word_1_60' title='bbox 526 1431 642 1516; x_wconf 83' lang='grc' dir='ltr'>ἀνείη.</span> <span class='ocrx_word' id='word_1_61' title='bbox 685 1435 735 1497; x_wconf 82' lang='grc' dir='ltr'>καὶ</span> <span class='ocrx_word' id='word_1_62' title='bbox 757 1433 845 1522; x_wconf 85' lang='grc' dir='ltr'>πύσιμ</span> <span class='ocrx_word' id='word_1_63' title='bbox 869 1437 906 1522; x_wconf 81' lang='grc' dir='ltr'>δὴ</span> <span class='ocrx_word' id='word_1_64' title='bbox 930 1435 1047 1523; x_wconf 89' lang='grc' dir='ltr'>βέλτιον</span> <span class='ocrx_word' id='word_1_65' title='bbox 1070 1436 1107 1521; x_wconf 85' lang='grc' dir='ltr'>ῆν</span> <span class='ocrx_word' id='word_1_66' title='bbox 1130 1442 1185 1520; x_wconf 92' lang='grc' dir='ltr'>γῆν</span> <span class='ocrx_word' id='word_1_67' title='bbox 1210 1439 1428 1523; x_wconf 82' lang='grc' dir='ltr'>παραδοθῆναι</span> 
     </span>
     <span class='ocr_line' id='line_1_9' title="bbox 307 1528 1530 1622; baseline 0.007 -30"><span class='ocrx_word' id='word_1_68' title='bbox 307 1531 421 1614; x_wconf 83' lang='grc' dir='ltr'>καὶμὴ</span> <span class='ocrx_word' id='word_1_69' title='bbox 445 1529 499 1614; x_wconf 85' lang='grc' dir='ltr'>τῆν</span> <span class='ocrx_word' id='word_1_70' title='bbox 523 1528 628 1592; x_wconf 92' lang='grc' dir='ltr'>οὐσίαν</span> <span class='ocrx_word' id='word_1_71' title='bbox 650 1535 704 1593; x_wconf 92' lang='grc' dir='ltr'>τοῦ</span> <span class='ocrx_word' id='word_1_72' title='bbox 731 1531 807 1596; x_wconf 93' lang='grc' dir='ltr'>θεοῦ</span> <span class='ocrx_word' id='word_1_73' title='bbox 827 1534 1082 1618; x_wconf 76' lang='grc' dir='ltr'>καταληφθῆναις</span> <span class='ocrx_word' id='word_1_74' title='bbox 1109 1536 1137 1598; x_wconf 88' lang='grc' dir='ltr'>εἰ</span> <span class='ocrx_word' id='word_1_75' title='bbox 1158 1535 1214 1620; x_wconf 88' lang='grc' dir='ltr'>γάρ</span> <span class='ocrx_word' id='word_1_76' title='bbox 1237 1535 1293 1598; x_wconf 91' lang='grc' dir='ltr'>οὐκ</span> <span class='ocrx_word' id='word_1_77' title='bbox 1316 1537 1425 1622; x_wconf 76' lang='grc' dir='ltr'>ἀνεκτὴ</span> <span class='ocrx_word' id='word_1_78' title='bbox 1528 1569 1530 1572; x_wconf 95' lang='grc'><strong><em>·</em></strong></span> 
     </span>
     <span class='ocr_line' id='line_1_10' title="bbox 308 1627 1509 1720; baseline 0.007 -31"><span class='ocrx_word' id='word_1_79' title='bbox 308 1628 385 1710; x_wconf 89' lang='grc' dir='ltr'>πρδς</span> <span class='ocrx_word' id='word_1_80' title='bbox 407 1627 534 1697; x_wconf 76' lang='grc' dir='ltr'>ἀταξίαν</span> <span class='ocrx_word' id='word_1_81' title='bbox 558 1632 613 1710; x_wconf 81' lang='grc' dir='ltr'>τῆς</span> <span class='ocrx_word' id='word_1_82' title='bbox 633 1628 707 1710; x_wconf 84' lang='grc' dir='ltr'>ῦλης</span> <span class='ocrx_word' id='word_1_83' title='bbox 734 1630 754 1711; x_wconf 78' lang='grc' dir='ltr'><strong>ἢ</strong></span> <span class='ocrx_word' id='word_1_84' title='bbox 776 1633 854 1696; x_wconf 79' lang='grc' dir='ltr'>κατὰ</span> <span class='ocrx_word' id='word_1_85' title='bbox 874 1639 931 1717; x_wconf 88' lang='grc' dir='ltr'>γῆς</span> <span class='ocrx_word' id='word_1_86' title='bbox 952 1629 1078 1716; x_wconf 82' lang='grc' dir='ltr'>ἔφοδος,</span> <span class='ocrx_word' id='word_1_87' title='bbox 1100 1631 1189 1715; x_wconf 87' lang='grc' dir='ltr'>πύσῳ</span> <span class='ocrx_word' id='word_1_88' title='bbox 1210 1635 1326 1716; x_wconf 83' lang='grc' dir='ltr'>μᾶλλον</span> <span class='ocrx_word' id='word_1_89' title='bbox 1350 1634 1426 1720; x_wconf 88' lang='grc' dir='ltr'>ἀφύ-</span> <span class='ocrx_word' id='word_1_90' title='bbox 1506 1640 1509 1644; x_wconf 82' lang='grc'><strong>’</strong></span> 
     </span>
     <span class='ocr_line' id='line_1_11' title="bbox 310 1726 1477 1815; baseline 0.009 -30"><span class='ocrx_word' id='word_1_91' title='bbox 310 1746 400 1808; x_wconf 89' lang='grc' dir='ltr'>ρητος</span> <span class='ocrx_word' id='word_1_92' title='bbox 425 1726 444 1807; x_wconf 85' lang='grc' dir='ltr'>ῆ</span> <span class='ocrx_word' id='word_1_93' title='bbox 469 1726 602 1808; x_wconf 81' lang='grc' dir='ltr'>τοσαύτη</span> <span class='ocrx_word' id='word_1_94' title='bbox 633 1727 760 1789; x_wconf 87' lang='grc' dir='ltr'>δουλεία</span> <span class='ocrx_word' id='word_1_95' title='bbox 789 1731 841 1792; x_wconf 83' lang='grc' dir='ltr'>καὶ</span> <span class='ocrx_word' id='word_1_96' title='bbox 873 1731 1010 1813; x_wconf 83' lang='grc' dir='ltr'>ύποταγὴ</span> <span class='ocrx_word' id='word_1_97' title='bbox 1035 1735 1088 1812; x_wconf 78' lang='grc' dir='ltr'>τῆς</span> <span class='ocrx_word' id='word_1_98' title='bbox 1111 1733 1166 1792; x_wconf 93' lang='grc' dir='ltr'>τοῦ</span> <span class='ocrx_word' id='word_1_99' title='bbox 1187 1729 1264 1793; x_wconf 91' lang='grc' dir='ltr'>θεοῦ</span> <span class='ocrx_word' id='word_1_100' title='bbox 1287 1731 1425 1815; x_wconf 76' lang='grc' dir='ltr'>φύσεωςς</span> <span class='ocrx_word' id='word_1_101' title='bbox 1444 1731 1477 1784; x_wconf 82' lang='lat'>1⁰</span> 
     </span>
     <span class='ocr_line' id='line_1_12' title="bbox 307 1821 1426 1911; baseline 0.006 -27"><span class='ocrx_word' id='word_1_102' title='bbox 307 1823 360 1884; x_wconf 88' lang='grc' dir='ltr'>καί</span> <span class='ocrx_word' id='word_1_103' title='bbox 379 1821 416 1884; x_wconf 95' lang='grc' dir='ltr'>οὐ</span> <span class='ocrx_word' id='word_1_104' title='bbox 435 1824 513 1907; x_wconf 89' lang='grc' dir='ltr'>πρδς</span> <span class='ocrx_word' id='word_1_105' title='bbox 530 1824 563 1885; x_wconf 91' lang='grc' dir='ltr'>τδ</span> <span class='ocrx_word' id='word_1_106' title='bbox 588 1821 791 1908; x_wconf 78' lang='grc' dir='ltr'>βραχύτατον,</span> <span class='ocrx_word' id='word_1_107' title='bbox 813 1827 987 1911; x_wconf 80' lang='grc' dir='ltr'>ἀλλὰπρὸς</span> <span class='ocrx_word' id='word_1_108' title='bbox 1010 1826 1082 1888; x_wconf 83' lang='grc' dir='ltr'>ὅλον</span> <span class='ocrx_word' id='word_1_109' title='bbox 1101 1827 1153 1888; x_wconf 85' lang='grc' dir='ltr'>καί</span> <span class='ocrx_word' id='word_1_110' title='bbox 1167 1823 1298 1889; x_wconf 87' lang='grc' dir='ltr'>ἄπλετον</span> <span class='ocrx_word' id='word_1_111' title='bbox 1313 1829 1426 1892; x_wconf 89' lang='grc' dir='ltr'>αἰῶνα·</span> 
     </span>
     <span class='ocr_line' id='line_1_13' title="bbox 309 1917 1425 2009; baseline 0.005 -27"><span class='ocrx_word' id='word_1_112' title='bbox 309 1917 353 1988; x_wconf 84' lang='grc' dir='ltr'>ῶς</span> <span class='ocrx_word' id='word_1_113' title='bbox 374 1921 428 2003; x_wconf 78' lang='grc' dir='ltr'>τὴν</span> <span class='ocrx_word' id='word_1_114' title='bbox 452 1921 506 2004; x_wconf 82' lang='grc' dir='ltr'>μὲν</span> <span class='ocrx_word' id='word_1_115' title='bbox 528 1920 635 1982; x_wconf 80' lang='grc' dir='ltr'>κακίαν</span> <span class='ocrx_word' id='word_1_116' title='bbox 659 1925 714 1983; x_wconf 89' lang='grc' dir='ltr'>τοῦ</span> <span class='ocrx_word' id='word_1_117' title='bbox 737 1922 883 2008; x_wconf 83' lang='grc' dir='ltr'>ἁμαρτεῖν</span> <span class='ocrx_word' id='word_1_118' title='bbox 908 1926 948 2009; x_wconf 82' lang='grc' dir='ltr'>μὴ</span> <span class='ocrx_word' id='word_1_119' title='bbox 969 1923 1157 2003; x_wconf 80' lang='grc' dir='ltr'>πεπαῦσθαι,</span> <span class='ocrx_word' id='word_1_120' title='bbox 1181 1924 1254 1986; x_wconf 87' lang='grc' dir='ltr'>θεὸν</span> <span class='ocrx_word' id='word_1_121' title='bbox 1280 1923 1315 1986; x_wconf 80' lang='grc' dir='ltr'>δὲ</span> <span class='ocrx_word' id='word_1_122' title='bbox 1340 1947 1425 1988; x_wconf 90' lang='grc' dir='ltr'>συνα-</span> 
     </span>
     <span class='ocr_line' id='line_1_14' title="bbox 310 2017 1426 2107; baseline 0.004 -27"><span class='ocrx_word' id='word_1_123' title='bbox 310 2018 473 2101; x_wconf 90' lang='grc' dir='ltr'>μαρτάνειν</span> <span class='ocrx_word' id='word_1_124' title='bbox 505 2017 584 2101; x_wconf 82' lang='grc' dir='ltr'>αὐτῆ</span> <span class='ocrx_word' id='word_1_125' title='bbox 616 2017 666 2080; x_wconf 83' lang='grc' dir='ltr'>διὰ</span> <span class='ocrx_word' id='word_1_126' title='bbox 697 2024 751 2102; x_wconf 80' lang='grc' dir='ltr'>τῆς</span> <span class='ocrx_word' id='word_1_127' title='bbox 782 2021 814 2091; x_wconf 80' lang='grc' dir='ltr'>ἐξ</span> <span class='ocrx_word' id='word_1_128' title='bbox 845 2023 940 2086; x_wconf 91' lang='grc' dir='ltr'>αὐτοῦ</span> <span class='ocrx_word' id='word_1_129' title='bbox 970 2019 1224 2107; x_wconf 88' lang='grc' dir='ltr'>προβεβλημένης</span> <span class='ocrx_word' id='word_1_130' title='bbox 1247 2021 1426 2104; x_wconf 88' lang='grc' dir='ltr'>δυνάμεως·</span> 
     </span>
     <span class='ocr_line' id='line_1_15' title="bbox 309 2114 1426 2204; baseline 0.006 -27"><span class='ocrx_word' id='word_1_131' title='bbox 309 2115 382 2178; x_wconf 82' lang='grc' dir='ltr'>ὅθεν</span> <span class='ocrx_word' id='word_1_132' title='bbox 406 2116 487 2184; x_wconf 89' lang='grc' dir='ltr'>εἰκδς</span> <span class='ocrx_word' id='word_1_133' title='bbox 510 2115 585 2178; x_wconf 83' lang='grc' dir='ltr'>οὐδὲ</span> <span class='ocrx_word' id='word_1_134' title='bbox 604 2114 677 2179; x_wconf 79' lang='grc' dir='ltr'>θεὸν</span> <span class='ocrx_word' id='word_1_135' title='bbox 701 2119 778 2201; x_wconf 89' lang='grc' dir='ltr'>πρδς</span> <span class='ocrx_word' id='word_1_136' title='bbox 797 2122 832 2184; x_wconf 87' lang='grc' dir='ltr'>τδ</span> <span class='ocrx_word' id='word_1_137' title='bbox 856 2119 1129 2202; x_wconf 80' lang='grc' dir='ltr'>συνεξαμαρτάνειν</span> <span class='ocrx_word' id='word_1_138' title='bbox 1147 2116 1295 2200; x_wconf 86' lang='grc' dir='ltr'>ἐθελῆσαι</span> <span class='ocrx_word' id='word_1_139' title='bbox 1306 2117 1426 2204; x_wconf 82' lang='grc' dir='ltr'>πέμψαι</span> 
     </span>
     <span class='ocr_line' id='line_1_16' title="bbox 307 2213 1478 2302; baseline 0.002 -26"><span class='ocrx_word' id='word_1_140' title='bbox 307 2219 347 2298; x_wconf 78' lang='grc' dir='ltr'>τῆ</span> <span class='ocrx_word' id='word_1_141' title='bbox 367 2214 458 2298; x_wconf 80' lang='grc' dir='ltr'>κακίᾳ</span> <span class='ocrx_word' id='word_1_142' title='bbox 482 2215 515 2276; x_wconf 87' lang='grc' dir='ltr'>τὸ</span> <span class='ocrx_word' id='word_1_143' title='bbox 547 2213 581 2276; x_wconf 81' lang='grc' dir='ltr'>ἐκ</span> <span class='ocrx_word' id='word_1_144' title='bbox 609 2218 663 2297; x_wconf 78' lang='grc' dir='ltr'>τῆς</span> <span class='ocrx_word' id='word_1_145' title='bbox 690 2215 797 2286; x_wconf 80' lang='grc' dir='ltr'>οὐσίας</span> <span class='ocrx_word' id='word_1_146' title='bbox 825 2219 920 2282; x_wconf 90' lang='grc' dir='ltr'>αὐτοῦ</span> <span class='ocrx_word' id='word_1_147' title='bbox 949 2213 1201 2302; x_wconf 81' lang='grc' dir='ltr'>προβεβλημένον</span> <span class='ocrx_word' id='word_1_148' title='bbox 1234 2213 1301 2277; x_wconf 84' lang='grc' dir='ltr'>οὐτ’</span> <span class='ocrx_word' id='word_1_149' title='bbox 1327 2216 1425 2282; x_wconf 83' lang='grc' dir='ltr'>ἐκεῖνο</span> <span class='ocrx_word' id='word_1_150' title='bbox 1446 2216 1478 2272; x_wconf 77' lang='grc'>15</span> 
     </span>
     <span class='ocr_line' id='line_1_17' title="bbox 306 2309 1427 2401; baseline 0 -25"><span class='ocrx_word' id='word_1_151' title='bbox 306 2311 472 2395; x_wconf 85' lang='grc' dir='ltr'>πεισθῆναί</span> <span class='ocrx_word' id='word_1_152' title='bbox 493 2333 526 2373; x_wconf 90' lang='grc' dir='ltr'>τε</span> <span class='ocrx_word' id='word_1_153' title='bbox 547 2310 599 2374; x_wconf 86' lang='grc' dir='ltr'>καὶ</span> <span class='ocrx_word' id='word_1_154' title='bbox 626 2309 799 2378; x_wconf 90' lang='grc' dir='ltr'>ὑπακοῦσαι</span> <span class='ocrx_word' id='word_1_155' title='bbox 821 2317 897 2401; x_wconf 88' lang='grc' dir='ltr'>πρδς</span> <span class='ocrx_word' id='word_1_156' title='bbox 921 2317 1066 2376; x_wconf 89' lang='grc' dir='ltr'>τοσοῦτον</span> <span class='ocrx_word' id='word_1_157' title='bbox 1092 2311 1222 2396; x_wconf 83' lang='grc' dir='ltr'>ὄλεθρον</span> <span class='ocrx_word' id='word_1_158' title='bbox 1251 2312 1427 2398; x_wconf 83' lang='grc' dir='ltr'>ἀφικέσθαι,</span> 
     </span>
     <span class='ocr_line' id='line_1_18' title="bbox 308 2409 1428 2496; baseline -0.005 -18"><span class='ocrx_word' id='word_1_159' title='bbox 308 2415 389 2477; x_wconf 82' lang='grc' dir='ltr'>ὥστε</span> <span class='ocrx_word' id='word_1_160' title='bbox 401 2411 501 2492; x_wconf 82' lang='grc' dir='ltr'>πάσης</span> <span class='ocrx_word' id='word_1_161' title='bbox 515 2409 645 2492; x_wconf 86' lang='grc' dir='ltr'>ἀνομίας</span> <span class='ocrx_word' id='word_1_162' title='bbox 655 2431 688 2471; x_wconf 87' lang='grc' dir='ltr'>τε</span> <span class='ocrx_word' id='word_1_163' title='bbox 699 2411 750 2473; x_wconf 86' lang='grc' dir='ltr'>καὶ</span> <span class='ocrx_word' id='word_1_164' title='bbox 764 2413 884 2482; x_wconf 79' lang='grc' dir='ltr'>ἀδικίας</span> <span class='ocrx_word' id='word_1_165' title='bbox 897 2413 962 2496; x_wconf 83' lang='grc' dir='ltr'>ἅμα</span> <span class='ocrx_word' id='word_1_166' title='bbox 978 2412 1028 2475; x_wconf 78' lang='grc' dir='ltr'>καὶ</span> <span class='ocrx_word' id='word_1_167' title='bbox 1052 2411 1232 2496; x_wconf 84' lang='grc' dir='ltr'>δυσσεβείας</span> <span class='ocrx_word' id='word_1_168' title='bbox 1251 2410 1428 2494; x_wconf 80' lang='grc' dir='ltr'>ἐμπλησθῆ-</span> 
     </span>
     <span class='ocr_line' id='line_1_19' title="bbox 306 2507 1426 2596; baseline -0.001 -23"><span class='ocrx_word' id='word_1_169' title='bbox 306 2532 357 2573; x_wconf 90' lang='grc' dir='ltr'>ναι</span> <span class='ocrx_word' id='word_1_170' title='bbox 379 2508 456 2591; x_wconf 82' lang='grc' dir='ltr'>ύπέρ</span> <span class='ocrx_word' id='word_1_171' title='bbox 480 2512 535 2570; x_wconf 92' lang='grc' dir='ltr'>τοῦ</span> <span class='ocrx_word' id='word_1_172' title='bbox 558 2511 614 2590; x_wconf 90' lang='grc' dir='ltr'>γῆν</span> <span class='ocrx_word' id='word_1_173' title='bbox 631 2507 684 2586; x_wconf 91' lang='grc' dir='ltr'>(οὐ</span> <span class='ocrx_word' id='word_1_174' title='bbox 702 2510 755 2592; x_wconf 71' lang='grc' dir='ltr'>τἠν</span> <span class='ocrx_word' id='word_1_175' title='bbox 775 2509 836 2594; x_wconf 77' lang='grc' dir='ltr'>ἤδη</span> <span class='ocrx_word' id='word_1_176' title='bbox 858 2511 1043 2596; x_wconf 82' lang='grc' dir='ltr'>ληφθεῖσαν,</span> <span class='ocrx_word' id='word_1_177' title='bbox 1066 2508 1146 2572; x_wconf 90' lang='grc' dir='ltr'>ἀλλά</span> <span class='ocrx_word' id='word_1_178' title='bbox 1161 2508 1213 2590; x_wconf 79' lang='grc' dir='ltr'>τὴν</span> <span class='ocrx_word' id='word_1_179' title='bbox 1232 2509 1426 2594; x_wconf 85' lang='grc' dir='ltr'>καταλαμβά·</span> 
     </span>
     <span class='ocr_line' id='line_1_20' title="bbox 306 2592 1440 2692; baseline 0 -22"><span class='ocrx_word' id='word_1_180' title='bbox 306 2607 414 2670; x_wconf 90' lang='grc' dir='ltr'>νεσθαι</span> <span class='ocrx_word' id='word_1_181' title='bbox 441 2605 630 2689; x_wconf 85' lang='grc' dir='ltr'>μέλλουσαν)</span> <span class='ocrx_word' id='word_1_182' title='bbox 658 2606 927 2692; x_wconf 86' lang='grc' dir='ltr'>ἐλευθερωθῆναι·</span> <span class='ocrx_word' id='word_1_183' title='bbox 960 2613 1002 2677; x_wconf 85' lang='grc' dir='ltr'>ῶς</span> <span class='ocrx_word' id='word_1_184' title='bbox 1030 2606 1090 2692; x_wconf 87' lang='grc' dir='ltr'>οὐχ</span> <span class='ocrx_word' id='word_1_185' title='bbox 1110 2605 1174 2670; x_wconf 85' lang='grc' dir='ltr'>οίύν</span> <span class='ocrx_word' id='word_1_186' title='bbox 1203 2629 1235 2668; x_wconf 90' lang='grc' dir='ltr'>τε</span> <span class='ocrx_word' id='word_1_187' title='bbox 1259 2605 1291 2669; x_wconf 87' lang='grc' dir='ltr'>ῦν</span> <span class='ocrx_word' id='word_1_188' title='bbox 1314 2592 1440 2690; x_wconf 59' lang='grc' dir='ltr'>ἑτέρως’</span> 
     </span>
     <span class='ocr_line' id='line_1_21' title="bbox 307 2701 1478 2789; baseline 0 -22"><span class='ocrx_word' id='word_1_189' title='bbox 307 2704 419 2786; x_wconf 81' lang='grc' dir='ltr'>ταύτης</span> <span class='ocrx_word' id='word_1_190' title='bbox 443 2705 495 2765; x_wconf 87' lang='grc' dir='ltr'>τὸν</span> <span class='ocrx_word' id='word_1_191' title='bbox 522 2702 596 2766; x_wconf 91' lang='grc' dir='ltr'>θεδν</span> <span class='ocrx_word' id='word_1_192' title='bbox 622 2709 799 2787; x_wconf 86' lang='grc' dir='ltr'>προστῆναι.</span> <span class='ocrx_word' id='word_1_193' title='bbox 864 2703 917 2778; x_wconf 77' lang='grc'>28,</span> <span class='ocrx_word' id='word_1_194' title='bbox 960 2706 1017 2789; x_wconf 87' lang='grc' dir='ltr'>ύρα</span> <span class='ocrx_word' id='word_1_195' title='bbox 1041 2705 1115 2788; x_wconf 89' lang='grc' dir='ltr'>ύσην</span> <span class='ocrx_word' id='word_1_196' title='bbox 1140 2705 1310 2787; x_wconf 82' lang='grc' dir='ltr'>ἀδυναμίαν</span> <span class='ocrx_word' id='word_1_197' title='bbox 1335 2727 1424 2767; x_wconf 87' lang='grc' dir='ltr'>κατα·</span> <span class='ocrx_word' id='word_1_198' title='bbox 1441 2701 1478 2758; x_wconf 65' lang='lat' dir='ltr'><strong>m</strong></span> 
     </span>
     <span class='ocr_line' id='line_1_22' title="bbox 309 2799 1425 2887; baseline -0.006 -17"><span class='ocrx_word' id='word_1_199' title='bbox 309 2799 454 2885; x_wconf 73' lang='grc' dir='ltr'>ψεύδεται</span> <span class='ocrx_word' id='word_1_200' title='bbox 484 2803 539 2862; x_wconf 74' lang='grc' dir='ltr'>τνῦ</span> <span class='ocrx_word' id='word_1_201' title='bbox 571 2799 648 2861; x_wconf 73' lang='grc' dir='ltr'>θεοῦ</span> <span class='ocrx_word' id='word_1_202' title='bbox 679 2808 788 2887; x_wconf 72' lang='grc' dir='ltr'>σαφῶς</span> <span class='ocrx_word' id='word_1_203' title='bbox 817 2805 833 2866; x_wconf 82' lang='grc' dir='ltr'>ὁ</span> <span class='ocrx_word' id='word_1_204' title='bbox 866 2804 944 2867; x_wconf 79' lang='grc' dir='ltr'>κατὰ</span> <span class='ocrx_word' id='word_1_205' title='bbox 972 2807 1026 2864; x_wconf 90' lang='grc' dir='ltr'>τοῦ</span> <span class='ocrx_word' id='word_1_206' title='bbox 1054 2803 1131 2864; x_wconf 89' lang='grc' dir='ltr'>θεοῦ</span> <span class='ocrx_word' id='word_1_207' title='bbox 1161 2802 1283 2886; x_wconf 90' lang='grc' dir='ltr'>μανείς,</span> <span class='ocrx_word' id='word_1_208' title='bbox 1320 2803 1425 2885; x_wconf 87' lang='grc' dir='ltr'>ῶσπερ</span> 
     </span>
     <span class='ocr_line' id='line_1_23' title="bbox 307 2895 1425 2989; baseline 0.002 -30"><span class='ocrx_word' id='word_1_209' title='bbox 307 2897 469 2980; x_wconf 83' lang='grc' dir='ltr'>κτημάτων</span> <span class='ocrx_word' id='word_1_210' title='bbox 498 2896 637 2989; x_wconf 82' lang='grc' dir='ltr'>ὐρφρινοῦ</span> <span class='ocrx_word' id='word_1_211' title='bbox 664 2920 744 2967; x_wconf 90' lang='grc' dir='ltr'>τινος</span> <span class='ocrx_word' id='word_1_212' title='bbox 765 2902 998 2985; x_wconf 86' lang='grc' dir='ltr'>προϊστάμενος,</span> <span class='ocrx_word' id='word_1_213' title='bbox 1029 2897 1140 2978; x_wconf 58' lang='grc' dir='ltr'>αὐτὴν</span> <span class='ocrx_word' id='word_1_214' title='bbox 1169 2895 1330 2960; x_wconf 82' lang='grc' dir='ltr'>ἀσθένειαν</span> <span class='ocrx_word' id='word_1_215' title='bbox 1355 2897 1425 2961; x_wconf 85' lang='grc' dir='ltr'>ἐπά·</span> 
     </span>
     <span class='ocr_line' id='line_1_24' title="bbox 307 2993 1424 3084; baseline 0.003 -29"><span class='ocrx_word' id='word_1_216' title='bbox 307 3016 415 3076; x_wconf 90' lang='grc' dir='ltr'>ναγκες</span> <span class='ocrx_word' id='word_1_217' title='bbox 433 2994 649 3076; x_wconf 85' lang='grc' dir='ltr'>Ιὁμολογῆσαι,</span> <span class='ocrx_word' id='word_1_218' title='bbox 678 2994 727 3059; x_wconf 84' lang='grc' dir='ltr'>ίνα</span> <span class='ocrx_word' id='word_1_219' title='bbox 755 2996 792 3059; x_wconf 86' lang='grc' dir='ltr'>τά</span> <span class='ocrx_word' id='word_1_220' title='bbox 819 3001 873 3079; x_wconf 87' lang='grc' dir='ltr'>τῆς</span> <span class='ocrx_word' id='word_1_221' title='bbox 896 2995 1077 3079; x_wconf 79' lang='grc' dir='ltr'>συνηγορίας</span> <span class='ocrx_word' id='word_1_222' title='bbox 1097 2993 1261 3084; x_wconf 83' lang='grc' dir='ltr'>πληρωθῆ.</span> <span class='ocrx_word' id='word_1_223' title='bbox 1304 2999 1347 3064; x_wconf 87' lang='grc' dir='ltr'>ῶς</span> <span class='ocrx_word' id='word_1_224' title='bbox 1367 2994 1424 3079; x_wconf 82' lang='grc' dir='ltr'>γὰρ</span> 
     </span>
     <span class='ocr_line' id='line_1_25' title="bbox 306 3091 1426 3179; baseline 0.003 -25"><span class='ocrx_word' id='word_1_225' title='bbox 306 3091 481 3154; x_wconf 90' lang='grc' dir='ltr'>τούναντίον</span> <span class='ocrx_word' id='word_1_226' title='bbox 514 3091 567 3173; x_wconf 77' lang='grc' dir='ltr'>τῆν</span> <span class='ocrx_word' id='word_1_227' title='bbox 590 3091 736 3176; x_wconf 82' lang='grc' dir='ltr'>οὐδαμῶς</span> <span class='ocrx_word' id='word_1_228' title='bbox 756 3095 963 3179; x_wconf 82' lang='grc' dir='ltr'>ἀφεστηκυῖαν</span> <span class='ocrx_word' id='word_1_229' title='bbox 985 3093 1091 3155; x_wconf 89' lang='grc' dir='ltr'>κακίαν</span> <span class='ocrx_word' id='word_1_230' title='bbox 1114 3091 1304 3176; x_wconf 82' lang='grc' dir='ltr'>πρεσβεύων,</span> <span class='ocrx_word' id='word_1_231' title='bbox 1327 3094 1426 3157; x_wconf 87' lang='grc' dir='ltr'>πάντα</span> 
     </span>
     <span class='ocr_line' id='line_1_26' title="bbox 309 3187 1477 3275; baseline 0.002 -24"><span class='ocrx_word' id='word_1_232' title='bbox 309 3189 364 3273; x_wconf 87' lang='grc' dir='ltr'>μὲν</span> <span class='ocrx_word' id='word_1_233' title='bbox 394 3187 488 3271; x_wconf 80' lang='grc' dir='ltr'>αὐτὴν</span> <span class='ocrx_word' id='word_1_234' title='bbox 511 3188 588 3251; x_wconf 86' lang='grc' dir='ltr'>κατά</span> <span class='ocrx_word' id='word_1_235' title='bbox 608 3189 684 3252; x_wconf 87' lang='grc' dir='ltr'>θεοῦ</span> <span class='ocrx_word' id='word_1_236' title='bbox 710 3191 892 3275; x_wconf 80' lang='grc' dir='ltr'>δεδρακέναι</span> <span class='ocrx_word' id='word_1_237' title='bbox 920 3189 1013 3274; x_wconf 83' lang='grc' dir='ltr'>λέγει,</span> <span class='ocrx_word' id='word_1_238' title='bbox 1037 3189 1254 3272; x_wconf 73' lang='grc' dir='ltr'>ἀπαναστῆναι,</span> <span class='ocrx_word' id='word_1_239' title='bbox 1285 3191 1426 3275; x_wconf 81' lang='grc' dir='ltr'>ἐπιβῆναι</span> <span class='ocrx_word' id='word_1_240' title='bbox 1443 3187 1477 3244; x_wconf 68' lang='lat'>25</span> 
     </span>
     <span class='ocr_line' id='line_1_27' title="bbox 306 3284 1427 3372; baseline 0.001 -22"><span class='ocrx_word' id='word_1_241' title='bbox 306 3291 370 3355; x_wconf 86' lang='grc' dir='ltr'>τοῖς</span> <span class='ocrx_word' id='word_1_242' title='bbox 389 3284 483 3348; x_wconf 88' lang='grc' dir='ltr'>αὐτοῦ</span> <span class='ocrx_word' id='word_1_243' title='bbox 506 3287 655 3370; x_wconf 88' lang='grc' dir='ltr'>θελῆσαι,</span> <span class='ocrx_word' id='word_1_244' title='bbox 689 3286 778 3358; x_wconf 87' lang='grc' dir='ltr'>τέλος</span> <span class='ocrx_word' id='word_1_245' title='bbox 802 3292 836 3354; x_wconf 84' lang='grc' dir='ltr'>τὸ</span> <span class='ocrx_word' id='word_1_246' title='bbox 858 3291 979 3352; x_wconf 90' lang='grc' dir='ltr'>πάντων</span> <span class='ocrx_word' id='word_1_247' title='bbox 1001 3287 1078 3350; x_wconf 79' lang='grc' dir='ltr'>κατὰ</span> <span class='ocrx_word' id='word_1_248' title='bbox 1099 3287 1175 3349; x_wconf 88' lang='grc' dir='ltr'>θεοῦ</span> <span class='ocrx_word' id='word_1_249' title='bbox 1196 3289 1427 3372; x_wconf 81' lang='grc' dir='ltr'>χαλεπώτερον,</span> 
     </span>
     <span class='ocr_line' id='line_1_28' title="bbox 307 3382 1427 3470; baseline 0.002 -24"><span class='ocrx_word' id='word_1_250' title='bbox 307 3387 361 3468; x_wconf 90' lang='grc' dir='ltr'>τῆς</span> <span class='ocrx_word' id='word_1_251' title='bbox 382 3383 488 3453; x_wconf 85' lang='grc' dir='ltr'>οὐσίας</span> <span class='ocrx_word' id='word_1_252' title='bbox 518 3383 613 3447; x_wconf 91' lang='grc' dir='ltr'>αὐτοῦ</span> <span class='ocrx_word' id='word_1_253' title='bbox 635 3384 765 3470; x_wconf 81' lang='grc' dir='ltr'>ἐγκρατῆ</span> <span class='ocrx_word' id='word_1_254' title='bbox 794 3385 954 3469; x_wconf 90' lang='grc' dir='ltr'>σύμπαντα</span> <span class='ocrx_word' id='word_1_255' title='bbox 980 3386 1030 3448; x_wconf 87' lang='grc' dir='ltr'>τύν</span> <span class='ocrx_word' id='word_1_256' title='bbox 1061 3385 1159 3447; x_wconf 83' lang='grc' dir='ltr'>αἰῶνα</span> <span class='ocrx_word' id='word_1_257' title='bbox 1182 3382 1344 3467; x_wconf 88' lang='grc' dir='ltr'>γενέσθαι,</span> <span class='ocrx_word' id='word_1_258' title='bbox 1376 3387 1427 3449; x_wconf 83' lang='grc' dir='ltr'>καὶ</span> 
     </span>
     <span class='ocr_line' id='line_1_29' title="bbox 307 3480 1427 3569; baseline 0.004 -25"><span class='ocrx_word' id='word_1_259' title='bbox 307 3487 488 3565; x_wconf 87' lang='grc' dir='ltr'>κατατεμεῖν</span> <span class='ocrx_word' id='word_1_260' title='bbox 508 3480 619 3566; x_wconf 88' lang='grc' dir='ltr'>ταύτην</span> <span class='ocrx_word' id='word_1_261' title='bbox 642 3485 700 3562; x_wconf 89' lang='grc' dir='ltr'>(ῶς</span> <span class='ocrx_word' id='word_1_262' title='bbox 723 3481 780 3546; x_wconf 92' lang='grc' dir='ltr'>οὐκ</span> <span class='ocrx_word' id='word_1_263' title='bbox 803 3482 976 3569; x_wconf 84' lang='grc' dir='ltr'>ἐνδέχεται)</span> <span class='ocrx_word' id='word_1_264' title='bbox 990 3485 1033 3550; x_wconf 89' lang='grc' dir='ltr'>εἰς</span> <span class='ocrx_word' id='word_1_265' title='bbox 1054 3480 1165 3566; x_wconf 84' lang='grc' dir='ltr'>ἄπειροι</span> <span class='ocrx_word' id='word_1_266' title='bbox 1185 3483 1339 3568; x_wconf 80' lang='grc' dir='ltr'>τμήματα,</span> <span class='ocrx_word' id='word_1_267' title='bbox 1354 3485 1427 3548; x_wconf 91' lang='grc' dir='ltr'>ἀπο·</span> 
     </span>
     <span class='ocr_line' id='line_1_30' title="bbox 307 3570 1517 3666; baseline 0.002 -24"><span class='ocrx_word' id='word_1_268' title='bbox 307 3581 421 3662; x_wconf 87' lang='grc' dir='ltr'>πνίγειν</span> <span class='ocrx_word' id='word_1_269' title='bbox 450 3603 483 3643; x_wconf 92' lang='grc' dir='ltr'>τε</span> <span class='ocrx_word' id='word_1_270' title='bbox 511 3580 563 3641; x_wconf 81' lang='grc' dir='ltr'>καὶ</span> <span class='ocrx_word' id='word_1_271' title='bbox 591 3579 769 3664; x_wconf 86' lang='grc' dir='ltr'>ἀποθλίβειν</span> <span class='ocrx_word' id='word_1_272' title='bbox 793 3581 824 3643; x_wconf 84' lang='grc' dir='ltr'>ἐν</span> <span class='ocrx_word' id='word_1_273' title='bbox 853 3582 952 3666; x_wconf 80' lang='grc' dir='ltr'>ἑαυτῆ</span> <span class='ocrx_word' id='word_1_274' title='bbox 975 3583 1026 3644; x_wconf 86' lang='grc' dir='ltr'>καὶ</span> <span class='ocrx_word' id='word_1_275' title='bbox 1048 3578 1241 3664; x_wconf 88' lang='grc' dir='ltr'>συμμέτοχον</span> <span class='ocrx_word' id='word_1_276' title='bbox 1262 3580 1374 3663; x_wconf 84' lang='grc' dir='ltr'>ἑαυτῆς</span> <span class='ocrx_word' id='word_1_277' title='bbox 1395 3579 1426 3644; x_wconf 87' lang='grc' dir='ltr'>έν</span> <span class='ocrx_word' id='word_1_278' title='bbox 1512 3570 1517 3579; x_wconf 64' lang='grc'><strong>’</strong></span> 
     </span>
     <span class='ocr_line' id='line_1_31' title="bbox 308 3673 1478 3763; baseline 0.003 -23"><span class='ocrx_word' id='word_1_279' title='bbox 308 3679 393 3761; x_wconf 89' lang='grc' dir='ltr'>πάση</span> <span class='ocrx_word' id='word_1_280' title='bbox 420 3677 612 3760; x_wconf 74' lang='grc' dir='ltr'>κακοπραγίᾳ</span> <span class='ocrx_word' id='word_1_281' title='bbox 639 3678 690 3738; x_wconf 85' lang='grc' dir='ltr'>καὶ</span> <span class='ocrx_word' id='word_1_282' title='bbox 715 3676 871 3762; x_wconf 82' lang='grc' dir='ltr'>ἀπολασίιρ</span> <span class='ocrx_word' id='word_1_283' title='bbox 894 3677 994 3763; x_wconf 80' lang='grc' dir='ltr'>ἔχειν·</span> <span class='ocrx_word' id='word_1_284' title='bbox 1023 3677 1097 3741; x_wconf 86' lang='grc' dir='ltr'>θεὸν</span> <span class='ocrx_word' id='word_1_285' title='bbox 1126 3677 1160 3739; x_wconf 79' lang='grc' dir='ltr'>δὲ</span> <span class='ocrx_word' id='word_1_286' title='bbox 1190 3677 1230 3761; x_wconf 86' lang='grc' dir='ltr'>μὴ</span> <span class='ocrx_word' id='word_1_287' title='bbox 1257 3677 1426 3761; x_wconf 86' lang='grc' dir='ltr'>δυνηθῆναι</span> <span class='ocrx_word' id='word_1_288' title='bbox 1443 3673 1478 3745; x_wconf 78' lang='grc'>30</span> 
     </span>
     <span class='ocr_line' id='line_1_32' title="bbox 310 3770 1427 3859; baseline 0.001 -22"><span class='ocrx_word' id='word_1_289' title='bbox 310 3777 386 3859; x_wconf 87' lang='grc' dir='ltr'>μῆτε</span> <span class='ocrx_word' id='word_1_290' title='bbox 407 3774 459 3836; x_wconf 87' lang='grc' dir='ltr'>τδν</span> <span class='ocrx_word' id='word_1_291' title='bbox 481 3770 558 3835; x_wconf 86' lang='grc' dir='ltr'>ίδιον</span> <span class='ocrx_word' id='word_1_292' title='bbox 585 3773 678 3835; x_wconf 90' lang='grc' dir='ltr'>τύπον</span> <span class='ocrx_word' id='word_1_293' title='bbox 702 3772 805 3855; x_wconf 83' lang='grc' dir='ltr'>έτερύν</span> <span class='ocrx_word' id='word_1_294' title='bbox 827 3796 893 3838; x_wconf 91' lang='grc' dir='ltr'>τινα</span> <span class='ocrx_word' id='word_1_295' title='bbox 917 3773 1029 3859; x_wconf 82' lang='grc' dir='ltr'>τρόπον</span> <span class='ocrx_word' id='word_1_296' title='bbox 1054 3773 1245 3858; x_wconf 88' lang='grc' dir='ltr'>δραστηρίως</span> <span class='ocrx_word' id='word_1_297' title='bbox 1266 3774 1427 3844; x_wconf 75' lang='grc' dir='ltr'>ἐξελέσθαι</span> 
     </span>
     <span class='ocr_line' id='line_1_33' title="bbox 310 3860 1426 3956; baseline 0.002 -22"><span class='ocrx_word' id='word_1_298' title='bbox 310 3871 386 3956; x_wconf 76' lang='grc' dir='ltr'>μήτε</span> <span class='ocrx_word' id='word_1_299' title='bbox 408 3872 442 3934; x_wconf 91' lang='grc' dir='ltr'>τδ</span> <span class='ocrx_word' id='word_1_300' title='bbox 466 3871 677 3955; x_wconf 87' lang='grc' dir='ltr'>ἀναμάρτητον</span> <span class='ocrx_word' id='word_1_301' title='bbox 699 3875 773 3953; x_wconf 92' lang='grc' dir='ltr'>γοῦν</span> <span class='ocrx_word' id='word_1_302' title='bbox 795 3868 896 3956; x_wconf 76' lang='grc' dir='ltr'>ἑαυτῷ</span> <span class='ocrx_word' id='word_1_303' title='bbox 917 3860 1093 3956; x_wconf 85' lang='grc' dir='ltr'>πρεπόντως</span> <span class='ocrx_word' id='word_1_304' title='bbox 1115 3877 1155 3955; x_wconf 83' lang='grc' dir='ltr'>τῆ</span> <span class='ocrx_word' id='word_1_305' title='bbox 1176 3870 1268 3956; x_wconf 89' lang='grc' dir='ltr'>φύσει</span> <span class='ocrx_word' id='word_1_306' title='bbox 1286 3876 1426 3956; x_wconf 89' lang='grc' dir='ltr'>τηρῆσαι.</span> 
     </span>
    </p>

    <p class='ocr_par' dir='ltr' id='par_1_3' title="bbox 308 3966 1561 4642">
     <span class='ocr_line' id='line_1_34' title="bbox 310 3966 1425 4055; baseline -0.001 -22"><span class='ocrx_word' id='word_1_307' title='bbox 310 3967 330 4032; x_wconf 86' lang='grc' dir='ltr'>ἀ</span> <span class='ocrx_word' id='word_1_308' title='bbox 355 3968 412 4054; x_wconf 88' lang='grc' dir='ltr'>γάρ</span> <span class='ocrx_word' id='word_1_309' title='bbox 443 3971 477 4033; x_wconf 89' lang='grc' dir='ltr'>τδ</span> <span class='ocrx_word' id='word_1_310' title='bbox 511 3967 542 4038; x_wconf 88' lang='grc' dir='ltr'>έξ</span> <span class='ocrx_word' id='word_1_311' title='bbox 568 3966 662 4031; x_wconf 91' lang='grc' dir='ltr'>αὐτοῦ</span> <span class='ocrx_word' id='word_1_312' title='bbox 689 3968 942 4055; x_wconf 91' lang='grc' dir='ltr'>προβεβλημένον</span> <span class='ocrx_word' id='word_1_313' title='bbox 966 3968 1036 4032; x_wconf 79' lang='grc' dir='ltr'>κατ’</span> <span class='ocrx_word' id='word_1_314' title='bbox 1061 3968 1167 4033; x_wconf 89' lang='grc' dir='ltr'>οὐσίαν</span> <span class='ocrx_word' id='word_1_315' title='bbox 1191 3973 1230 4052; x_wconf 77' lang='grc' dir='ltr'>τῆ</span> <span class='ocrx_word' id='word_1_316' title='bbox 1254 3969 1312 4052; x_wconf 86' lang='grc' dir='ltr'>ῦλη</span> <span class='ocrx_word' id='word_1_317' title='bbox 1338 3992 1425 4034; x_wconf 92' lang='grc' dir='ltr'>συνα-</span> 
     </span>
     <span class='ocr_line' id='line_1_35' title="bbox 310 4063 1466 4154; baseline 0 -24"><span class='ocrx_word' id='word_1_318' title='bbox 310 4068 398 4143; x_wconf 87' lang='grc' dir='ltr'>δικεῖ,</span> <span class='ocrx_word' id='word_1_319' title='bbox 430 4066 568 4151; x_wconf 82' lang='grc' dir='ltr'>ἄντικρυς</span> <span class='ocrx_word' id='word_1_320' title='bbox 591 4066 634 4135; x_wconf 85' lang='grc' dir='ltr'>εἰς</span> <span class='ocrx_word' id='word_1_321' title='bbox 656 4063 746 4130; x_wconf 87' lang='grc' dir='ltr'>αὐτὸν</span> <span class='ocrx_word' id='word_1_322' title='bbox 773 4065 938 4153; x_wconf 87' lang='grc' dir='ltr'>ἀνατρέχει</span> <span class='ocrx_word' id='word_1_323' title='bbox 960 4067 1011 4129; x_wconf 89' lang='grc' dir='ltr'>τδν</span> <span class='ocrx_word' id='word_1_324' title='bbox 1033 4065 1296 4152; x_wconf 86' lang='grc' dir='ltr'>προβεβλημένον.</span> <span class='ocrx_word' id='word_1_325' title='bbox 1343 4066 1425 4130; x_wconf 89' lang='grc' dir='ltr'>ούτω</span> <span class='ocrx_word' id='word_1_326' title='bbox 1463 4149 1466 4154; x_wconf 25' lang='grc'>1</span> 
     </span>
     <span class='ocr_line' id='line_1_36' title="bbox 310 4163 1561 4249; baseline 0.003 -21"><span class='ocrx_word' id='word_1_327' title='bbox 310 4165 347 4248; x_wconf 81' lang='grc' dir='ltr'>δὴ</span> <span class='ocrx_word' id='word_1_328' title='bbox 370 4169 471 4228; x_wconf 84' lang='grc' dir='ltr'>πᾶσαν</span> <span class='ocrx_word' id='word_1_329' title='bbox 494 4164 671 4227; x_wconf 91' lang='grc' dir='ltr'>δυναστείαν</span> <span class='ocrx_word' id='word_1_330' title='bbox 695 4165 772 4228; x_wconf 89' lang='grc' dir='ltr'>κατά</span> <span class='ocrx_word' id='word_1_331' title='bbox 794 4165 871 4229; x_wconf 88' lang='grc' dir='ltr'>θεοῦ</span> <span class='ocrx_word' id='word_1_332' title='bbox 891 4171 930 4249; x_wconf 80' lang='grc' dir='ltr'>τῆ</span> <span class='ocrx_word' id='word_1_333' title='bbox 953 4165 1044 4247; x_wconf 79' lang='grc' dir='ltr'>κακία</span> <span class='ocrx_word' id='word_1_334' title='bbox 1067 4168 1321 4249; x_wconf 87' lang='grc' dir='ltr'>προσμαρτυρῶν,</span> <span class='ocrx_word' id='word_1_335' title='bbox 1351 4163 1423 4227; x_wconf 83' lang='grc' dir='ltr'>θεὸν</span> <span class='ocrx_word' id='word_1_336' title='bbox 1442 4177 1476 4232; x_wconf 78' lang='grc'>35</span> <span class='ocrx_word' id='word_1_337' title='bbox 1556 4171 1561 4180; x_wconf 78' lang='lat'>&#39;</span> 
     </span>
     <span class='ocr_line' id='line_1_37' title="bbox 310 4258 1426 4347; baseline 0 -23"><span class='ocrx_word' id='word_1_338' title='bbox 310 4261 405 4324; x_wconf 78' lang='grc' dir='ltr'>δὲτὰ</span> <span class='ocrx_word' id='word_1_339' title='bbox 427 4264 549 4326; x_wconf 90' lang='grc' dir='ltr'>πάντων</span> <span class='ocrx_word' id='word_1_340' title='bbox 580 4261 732 4344; x_wconf 78' lang='grc' dir='ltr'>ἀνήκεστα</span> <span class='ocrx_word' id='word_1_341' title='bbox 752 4265 829 4347; x_wconf 84' lang='grc' dir='ltr'>πρὸς</span> <span class='ocrx_word' id='word_1_342' title='bbox 852 4263 947 4346; x_wconf 85' lang='grc' dir='ltr'>αὐτῆς</span> <span class='ocrx_word' id='word_1_343' title='bbox 966 4261 1155 4326; x_wconf 89' lang='grc' dir='ltr'>πεπονθέναι</span> <span class='ocrx_word' id='word_1_344' title='bbox 1176 4259 1258 4344; x_wconf 91' lang='grc' dir='ltr'>λέγει</span> <span class='ocrx_word' id='word_1_345' title='bbox 1297 4258 1347 4334; x_wconf 72' lang='grc'>29,</span> <span class='ocrx_word' id='word_1_346' title='bbox 1375 4261 1426 4324; x_wconf 82' lang='grc' dir='ltr'>καὶ</span> 
     </span>
     <span class='ocr_line' id='line_1_38' title="bbox 308 4358 1427 4445; baseline -0.001 -22"><span class='ocrx_word' id='word_1_347' title='bbox 308 4363 431 4444; x_wconf 89' lang='grc' dir='ltr'>τολμῶν</span> <span class='ocrx_word' id='word_1_348' title='bbox 454 4359 560 4443; x_wconf 79' lang='grc' dir='ltr'>ἐπάγει</span> <span class='ocrx_word' id='word_1_349' title='bbox 592 4358 638 4422; x_wconf 82' lang='grc' dir='ltr'>ὅτι</span> <span class='ocrx_word' id='word_1_350' title='bbox 671 4360 708 4443; x_wconf 84' lang='grc' dir='ltr'>δὴ</span> <span class='ocrx_word' id='word_1_351' title='bbox 741 4361 945 4445; x_wconf 87' lang='grc' dir='ltr'>κατεκοίμησε</span> <span class='ocrx_word' id='word_1_352' title='bbox 974 4361 1027 4444; x_wconf 83' lang='grc' dir='ltr'>τῆν</span> <span class='ocrx_word' id='word_1_353' title='bbox 1061 4360 1134 4442; x_wconf 92' lang='grc' dir='ltr'>ύλην</span> <span class='ocrx_word' id='word_1_354' title='bbox 1165 4360 1184 4441; x_wconf 84' lang='grc' dir='ltr'>ῆ</span> <span class='ocrx_word' id='word_1_355' title='bbox 1217 4358 1427 4422; x_wconf 89' lang='grc' dir='ltr'>ἀποσταλεῖσα</span> 
     </span>
     <span class='ocr_line' id='line_1_39' title="bbox 309 4453 1427 4544; baseline -0.004 -22"><span class='ocrx_word' id='word_1_356' title='bbox 309 4463 364 4522; x_wconf 89' lang='grc' dir='ltr'>τοῦ</span> <span class='ocrx_word' id='word_1_357' title='bbox 386 4458 462 4521; x_wconf 89' lang='grc' dir='ltr'>θεοῦ</span> <span class='ocrx_word' id='word_1_358' title='bbox 483 4457 609 4542; x_wconf 88' lang='grc' dir='ltr'>δύναμις</span> <span class='ocrx_word' id='word_1_359' title='bbox 631 4463 674 4526; x_wconf 88' lang='grc' dir='ltr'>ῶς</span> <span class='ocrx_word' id='word_1_360' title='bbox 694 4459 728 4521; x_wconf 92' lang='grc' dir='ltr'>τδ</span> <span class='ocrx_word' id='word_1_361' title='bbox 752 4458 859 4544; x_wconf 91' lang='grc' dir='ltr'>θηρίον</span> <span class='ocrx_word' id='word_1_362' title='bbox 881 4457 1003 4543; x_wconf 80' lang='grc' dir='ltr'>έπιρδῆ,</span> <span class='ocrx_word' id='word_1_363' title='bbox 1032 4456 1067 4519; x_wconf 91' lang='grc' dir='ltr'>οὐ</span> <span class='ocrx_word' id='word_1_364' title='bbox 1091 4455 1183 4541; x_wconf 87' lang='grc' dir='ltr'>μύκον</span> <span class='ocrx_word' id='word_1_365' title='bbox 1207 4453 1365 4523; x_wconf 87' lang='grc' dir='ltr'>ἀπιθάνως</span> <span class='ocrx_word' id='word_1_366' title='bbox 1389 4455 1427 4519; x_wconf 85' lang='grc' dir='ltr'>τά</span> 
     </span>
     <span class='ocr_line' id='line_1_40' title="bbox 311 4548 1425 4642; baseline -0.004 -21"><span class='ocrx_word' id='word_1_367' title='bbox 311 4553 414 4642; x_wconf 81' lang='grc' dir='ltr'>ἄκρως</span> <span class='ocrx_word' id='word_1_368' title='bbox 443 4555 564 4619; x_wconf 84' lang='grc' dir='ltr'>ἐναντία</span> <span class='ocrx_word' id='word_1_369' title='bbox 595 4561 639 4642; x_wconf 78' lang='grc' dir='ltr'>τῷ</span> <span class='ocrx_word' id='word_1_370' title='bbox 659 4553 742 4642; x_wconf 85' lang='grc' dir='ltr'>λύγῳ</span> <span class='ocrx_word' id='word_1_371' title='bbox 769 4560 878 4641; x_wconf 93' lang='grc' dir='ltr'>κιρνῶν</span> <span class='ocrx_word' id='word_1_372' title='bbox 907 4555 960 4618; x_wconf 86' lang='grc' dir='ltr'>καὶ</span> <span class='ocrx_word' id='word_1_373' title='bbox 990 4553 1027 4616; x_wconf 88' lang='grc' dir='ltr'>τά</span> <span class='ocrx_word' id='word_1_374' title='bbox 1058 4553 1217 4638; x_wconf 74' lang='grc' dir='ltr'>μηδαμῶς</span> <span class='ocrx_word' id='word_1_375' title='bbox 1235 4548 1313 4614; x_wconf 79' lang='grc' dir='ltr'>κατὰ</span> <span class='ocrx_word' id='word_1_376' title='bbox 1336 4549 1425 4636; x_wconf 86' lang='grc' dir='ltr'>φύσιν</span> 
     </span>
    </p>
   </div>
   <div class='ocr_carea' id='block_1_3' title="bbox 0 0 1764 5434">
    <p class='ocr_par' dir='ltr' id='par_1_4' title="bbox 0 0 1764 5434">
     <span class='ocr_line' id='line_1_41' title="bbox 0 0 1764 5434; baseline 0 0"><span class='ocrx_word' id='word_1_377' title='bbox 0 0 1764 5434; x_wconf 95' lang='lat' dir='ltr'> </span> 
     </span>
    </p>
   </div>
  </div>
 </body>
</html>
