3517 5434
340 695 505 752 nu-a
878 682 918 741 Μ

342 849 455 914 οἰκεῖον
476 849 604 914 έκαστον
624 845 754 930 ἐκλέγει,
771 849 858 910 πάσα
877 847 998 931 δηλαδὴ
1020 847 1132 932 βοτάνη
1153 846 1203 908 καλ
1221 845 1289 932 βίζα
1306 847 1458 931 χρήσιμος

341 949 385 1028 (εἰ
412 948 464 1013 καὶ
493 947 534 1030 μὴ
565 949 629 1013 τοῖς
651 949 758 1025 πᾶσι),
789 944 914 1007 ποικιλα
942 945 977 1008 δὲ
1004 944 1041 1007 τὰ
1066 944 1214 1012 ποικιλως
1235 944 1457 1028 παρακείμενα.

315 1094 318 1100 .
340 1045 391 1118 45,
412 1043 631 1128 περιγραπτέον
645 1043 744 1106 τοίνυν
758 1047 865 1106 τοῦτον
877 1045 929 1106 τὸν
944 1041 1055 1127 τρόπον
1071 1044 1122 1106 καὶ
1133 1043 1186 1125 τὴν
1200 1041 1278 1104 κατὰ
1289 1045 1349 1104 τῶν
1364 1041 1456 1102 θανα-

341 1146 437 1228 σίμων
468 1139 643 1225 λεγομένων
675 1141 811 1225 βοτανῶν
840 1140 1023 1224 κατηγορίαν
1050 1146 1094 1226 τῷ
1119 1138 1250 1224 μανέντι,
1274 1139 1372 1200 πάντα
1394 1139 1456 1200 δια·

307 1244 467 1330 ῦβάλλειν
498 1237 711 1302 ἐσπουδακότι.
754 1239 836 1302 οὕτω
865 1237 922 1321 γιλρ
951 1239 1001 1302 καὶ
1027 1240 1153 1322 σιδήρου
1177 1237 1227 1300 καὶ
1249 1237 1345 1320 πυρὸς
1368 1257 1457 1298 κατα·

343 1338 506 1426 ψεύδεται,
533 1334 707 1398 τούναντίον
730 1339 827 1398 ποιῶν
848 1336 900 1411 καὶΙ
919 1335 950 1396 έν
971 1334 1088 1404 τούτοις
1110 1335 1146 1398 οῦ
1171 1334 1324 1420 βούλεται.
1368 1355 1457 1415 κατη-

340 1443 442 1522 γορῶν
467 1435 525 1518 γάρ
552 1437 604 1515 τῖγς
628 1433 702 1515 ύλης
726 1432 777 1515 (ἣν
799 1431 879 1494 εἶναι
900 1433 995 1515 μάτην
1019 1435 1218 1517 φαντάζεται)
1243 1429 1331 1500 αὖθις
1353 1433 1456 1514 ὥσπερ

341 1558 385 1603 τις
412 1533 584 1617 προστάτης
607 1531 658 1593 καὶ
685 1530 853 1613 συνήγορος
875 1529 970 1613 αὐτῆς
991 1531 1195 1616 ἀναφέρεται,
1222 1536 1285 1599 τοῖς
1305 1553 1340 1614 γε
1361 1532 1456 1593 δαπα-

342 1636 418 1694 νῶσι
444 1631 499 1713 τὴν
529 1629 603 1711 ῦλην
625 1630 668 1696 ὡς
689 1630 795 1694 κακοῖς
817 1625 1080 1711 ἀπεχθανόμενος.
1122 1629 1247 1714 σίδηρος
1269 1630 1304 1692 δὲ
1323 1627 1374 1690 καὶ
1397 1630 1456 1710 πῦρ

294 1736 329 1792 10
346 1729 551 1810 κατέσπαρται
577 1725 631 1808 μὲν
656 1723 688 1786 έν
709 1729 751 1807 γῇ
773 1725 850 1807 πρδς
867 1728 922 1786 τοῦ
941 1717 1232 1810 δημιουργήσαντος,
1256 1723 1401 1810 ἐξευρέθη
1423 1723 1457 1786 δὲ

343 1827 510 1911 ἀνθρώπου
539 1821 679 1907 λογισμιβ
706 1820 771 1885 κατ’
804 1820 968 1905 ἐπιτροπὴν
999 1821 1086 1888 θεοῦ.
1130 1825 1246 1888 τούτων
1277 1823 1334 1907 γὰρ
1362 1822 1458 1906 χωρὶς

342 1925 500 1990 παντελῶς
517 1921 748 2006 ἠκρωτηρίαστο
767 1919 943 2003 ἀνθρώποις
960 1920 976 1982 6
998 1920 1071 2005 βίος.
1108 1923 1135 1984 εἰ
1150 1921 1207 2006 γὰρ
1228 1920 1364 2007 βλαβερὰ
1382 1919 1458 2002 πρὸς

343 2025 397 2083 τοῦ
431 2018 577 2102 μανέντος
607 2018 781 2101 νενόμισται
810 2022 854 2101 τῷ
880 2016 1097 2102 καταφθείρειν
1129 2019 1165 2082 τά
1194 2016 1457 2105 παραβαλλόμενα

345 2121 491 2201 σώματα,
524 2119 633 2202 πολλῷ
661 2117 778 2199 μᾶλλον
813 2113 959 2198 ὠφέλιμά
985 2137 1017 2178 τε
1047 2117 1097 2180 καὶ
1125 2118 1261 2200 σωτήρια
1290 2117 1458 2201 φανήσεται

294 2220 327 2276 15
345 2219 384 2297 τῇ
406 2202 556 2297 ἀναγκαίᾳ
577 2215 687 2298 χρήσει
707 2214 784 2296 πρὸς
805 2213 944 2276 άπανται
971 2213 998 2274 εἰ
1022 2212 1055 2274 δὲ
1079 2213 1269 2278 λανθάνοντα
1293 2215 1459 2298 ἐνυπάρχει

343 2317 382 2395 τῇ
403 2312 595 2395 δημιουργίᾳ,
617 2312 785 2394 ἀνθρώπου
807 2311 842 2373 δὲ
861 2315 958 2372 ταῦτα
980 2311 1125 2394 λογισμὸς
1143 2313 1197 2393 τὴν
1221 2312 1319 2396 ἀρχὴν
1341 2311 1457 2394 ἐξεῦρε,

342 2410 398 2471 τίνι
421 2407 576 2490 λογιστέον
598 2410 649 2470 τδν
671 2407 800 2492 εὑρόντα
820 2406 982 2490 λογισμύνγ
1005 2407 1065 2491 ἀρα
1085 2413 1123 2492 τῇ
1147 2409 1187 2492 μὴ
1212 2408 1328 2493 ἐχούση
1347 2415 1457 2491 γνῶσιν

343 2505 435 2586 κακία
464 2505 575 2568 τεκαὶ
603 2505 660 2586 ῦλη
690 2502 755 2566 κατ’
787 2504 903 2566 ἐκεῖνον
926 2529 945 2586 η
968 2510 1012 2590 τῷ
1034 2505 1144 2590 ἀγαθῷ
1152 2529 1161 2582 ;
1198 2506 1279 2570 ἀλλά
1299 2509 1393 2590 δῆλον
1417 2510 1458 2574 ὥς

344 2603 492 2684 λογισμοῦ
521 2602 616 2686 σοφία
642 2600 759 2683 ἀγαθόν
789 2625 822 2664 τε
847 2603 898 2664 καὶ
927 2603 1047 2685 ἀγαθοῦ
1080 2605 1190 2687 διῖιρον.
1228 2604 1283 2668 τίνι
1310 2605 1344 2668 δὲ
1370 2605 1457 2670 αύτο-

212 2783 216 2790 .
292 2705 329 2761 δῦ
347 2700 451 2782 μάτως
477 2697 619 2784 ἀφήλατό
647 2723 722 2762 ποτε
751 2700 874 2784 σίδηρος
901 2701 916 2762 6
944 2706 982 2784 τγῙ
1006 2703 1116 2786 χρήσει
1141 2706 1195 2764 τοῦ
1223 2704 1372 2785 λογισμοῦ
1404 2701 1456 2785 μό-

343 2821 395 2861 νον
424 2797 674 2883 ὑποβεβλημένος
699 2800 750 2862 καὶ
774 2799 859 2881 πάση
889 2797 981 2883 τέχνη
1012 2799 1186 2876 δουλεύων;
1217 2800 1297 2863 ἀλλά
1320 2800 1457 2885 φονεύει,

345 2895 430 2980 φησί,
455 2894 493 2958 δι’
518 2893 613 2957 αὐτοῦ
637 2894 801 2980 ἄνθρωπος
822 2897 874 2960 καλ
893 2897 970 2980 πρδς
991 2897 1024 2959 τδ
1049 2896 1208 2979 ἐργαλεῖον
1232 2899 1250 2980 ἡ
1274 2896 1458 2980 κακοτεχνία

342 2997 398 3057 τοῦ
418 2992 595 3077 χρωμένου,
615 2997 667 3069 ὡς,
690 2995 717 3057 εἰ
738 2996 780 3079 μὴ
800 2995 837 3080 ἧν
858 2996 875 3058 6
894 2997 1000 3056 τοῦτον
1022 2995 1072 3056 τὸν
1084 2993 1196 3079 τρόπον
1208 2997 1379 3080 χρώμενος,
1402 2993 1459 3056 οῦκ

344 3089 381 3154 ἀν
408 3113 444 3173 γε
475 3089 578 3160 ἔδοξεν
605 3090 682 3154 εἶναι
711 3093 834 3176 σίδηρος
856 3089 959 3160 κακός.
1004 3090 1031 3152 εί
1052 3091 1109 3176 γάρ
1135 3093 1335 3177 βουλεύσαιτο
1361 3093 1416 3175 μὲν
1441 3093 1457 3155 6

292 3193 328 3248 ⁹5
347 3186 459 3272 φονεὺς
485 3187 595 3271 δροῖσαι
624 3188 735 3271 φόνον,
770 3192 932 3275 διαμάρτοι
959 3189 994 3252 δὲ
1015 3193 1069 3272 τῆς
1090 3190 1246 3274 πράξεως,
1279 3189 1340 3275 ἆρά
1362 3213 1397 3272 γε
1420 3189 1457 3252 οῦ

345 3286 439 3368 δῆλον
464 3288 508 3355 ὡς
533 3288 553 3370 ἡ
580 3288 635 3371 μὲν
659 3286 805 3372 πρόθεσις
828 3289 862 3350 τδ
887 3287 975 3371 ἔργον
1000 3288 1200 3372 διεπράξατο,
1236 3290 1251 3351 6
1276 3289 1311 3352 δὲ
1335 3288 1459 3369 σιδηρος

345 3387 572 3470 ἀναμάρτητοςς
600 3385 681 3448 οῦτω
705 3386 743 3468 δὴ
766 3383 820 3470 κᾷν
844 3387 954 3469 δράση,
978 3384 1049 3470 ούχὶ
1072 3373 1197 3468 σίδηρος
1216 3384 1320 3463 αἴτιος,
1347 3383 1415 3448 ἀλλ’
1441 3385 1457 3448 6

346 3484 472 3567 σιδήρου
499 3488 543 3567 τιγῖ
573 3487 674 3566 τεμεῖν
706 3482 743 3546 οῦ
774 3483 852 3546 κατὰ
880 3481 972 3565 λόγον
1002 3484 1208 3566 χρησάμενος.
1258 3484 1285 3546 εἰ
1309 3483 1350 3565 δὲ
1378 3482 1458 3568 Εύλιρ

344 3580 448 3642 παίσει
467 3579 486 3662 ἢ
503 3578 582 3665 λίθῳ
601 3579 727 3664 κρούσει
741 3580 760 3663 ἢ
774 3581 878 3664 χερσὶν
901 3580 990 3649 ἰδίαις
1009 3580 1174 3660 ἀποπνίΕει,
1195 3579 1283 3652 αῦθις
1297 3582 1348 3644 καὶ
1363 3585 1459 3644 ταῦτα

293 3683 329 3739 30
345 3677 588 3761 προσαγορεύσει
607 3676 697 3740 κακά.
732 3677 783 3739 καὶ
804 3678 903 3740 πάντα
923 3680 1038 3760 μᾶλλον
1062 3677 1143 3742 αἴτια
1165 3678 1250 3763 παρὰ
1271 3683 1315 3764 τιβ
1337 3677 1458 3762 μανέντι

343 3773 417 3856 ἣτδ
439 3771 535 3840 ὄντως
555 3772 660 3852 αίτιον,
684 3775 700 3838 6
723 3773 864 3844 ἑκούσιος
883 3774 1035 3860 λογισμός.
1075 3776 1112 3840 τὰ
1131 3775 1188 3860 γὰρ
1209 3775 1342 3861 ’ρηθέντα
1359 3777 1458 3838 πάντα

345 3869 422 3952 μετὰ
443 3870 570 3952 σιδήρου
592 3868 658 3931 οὔτ’
680 3871 784 3954 ἀγαθὰ
808 3871 879 3935 ούτε
902 3874 981 3938 κακά
1005 3876 1158 3960 τυγχάνει,
1182 3873 1304 3938 ἕλκεται
1325 3874 1360 3936 δὲ
1381 3873 1458 3957 πρὸς

345 3966 362 4029 δ
386 3966 422 4029 ἀν
443 3964 612 4052 βουληθείη
637 3968 653 4030 6
678 3970 854 4053 χρώμενος,
876 3971 1043 4054 ἐργαλείων
1066 3972 1151 4055 δίκην
1174 3971 1384 4055 παρακείμενα
1407 3970 1458 4033 καλ

344 4069 388 4148 τῷ
413 4061 568 4148 χρωμένῳ
596 4063 799 4143 δουλεύοντα,
835 4068 912 4149 άπερ
946 4071 974 4132 εἰ
1001 4071 1042 4154 μὴ
1071 4067 1265 4153 παραδέδοτο
1290 4069 1458 4154 ἀνθρώπω,

293 4165 329 4220 δῦ
347 4161 411 4225 οὔτ’
435 4159 471 4224 ἀν
492 4159 545 4228 τὰς
565 4160 675 4247 τέχνας
693 4163 774 4227 ούτω
799 4166 938 4248 διήνυσεν
961 4167 1025 4230 οὔτ’
1050 4167 1086 4231 ἀν
1108 4167 1161 4235 τὰς
1181 4167 1383 4251 χρήσειςτάς
1401 4167 1456 4230 ἀπ’

346 4259 446 4322 αὐτῶν
471 4256 561 4342 ἔσχεν
585 4259 759 4331 ἀφθόνους·
784 4261 800 4325 δ
824 4263 858 4325 δὲ
879 4265 917 4348 δὴ
937 4268 1051 4350 μεῖζον,
1074 4266 1182 4348 ἥκιστα
1197 4263 1233 4326 ἀν
1249 4265 1455 4348 διεγυμνάσθη

345 4357 423 4440 πρὸς
444 4355 564 4441 ἀρετήν.
603 4362 648 4442 τιγῖ
667 4357 724 4441 γὰρ
748 4361 790 4443 μὴ
813 4359 896 4444 ἔχειν
921 4361 1088 4446 ἐργαλείων
1114 4362 1284 4445 παράθεσιν
1312 4362 1458 4426 ἕλκεσθαι

345 4452 523 4537 δυναμένων
543 4457 619 4540 πρὸς
641 4457 783 4541 ἐργασίαν
805 4457 918 4541 ἀρετῆς
936 4481 969 4522 τε
987 4460 1039 4522 καὶ
1059 4459 1166 4527 κακίας
1187 4458 1245 4522 οῦκ
1266 4458 1301 4523 ἀν
1317 4481 1352 4542 γε
1366 4457 1456 4545 ἔσχεν

347 4548 398 4637 ἐφ’
430 4551 532 4639 έαοτιγῖ
560 4558 614 4638 τῆς
642 4555 752 4639 ἀρετῆς
782 4555 836 4640 την
857 4557 1056 4643 προτίμησιν,
1089 4560 1132 4626 ὡς
1154 4557 1186 4626 ές
1207 4555 1244 4620 τὰ
1268 4558 1399 4642 μάλιστα
1421 4555 1456 4620 ἀν
