3517 5434
722 701 845 755 Praefatio
863 701 989 754 Flesseds.
1321 707 1378 752 xm

330 871 364 927 et
384 861 514 926 amicum
542 859 720 924 insectatur
746 879 889 945 scopum.
936 877 1033 942 quum
1056 862 1162 920 autem
1185 877 1205 918 a
1226 875 1302 919 vero
1326 877 1380 921 ex·

329 973 419 1056 cidit,
442 979 475 1036 et
497 969 635 1035 alienum
656 968 828 1053 inquirens,
849 991 914 1034 non
929 965 1139 1054 philosophus
1153 974 1188 1030 at
1203 962 1380 1055 φιλόδικος,

327 1092 384 1149 aut
414 1080 562 1168 equidem
592 1077 770 1170 φιλόδοξος
796 1077 1029 1166 nuncupandus
1057 1086 1116 1143 est.
1162 1075 1313 1161 quocirca
1339 1099 1380 1142 ne

327 1194 452 1280 proprii
473 1193 612 1258 instituti
633 1191 786 1279 fungendi
806 1191 981 1279 praecipuo
1007 1197 1064 1254 tuo
1085 1188 1207 1256 homini
1230 1187 1381 1273 depereat

328 1305 471 1388 occasio,
499 1303 764 1390 praestantissimi
791 1301 886 1366 huius
911 1300 988 1366 boni
1010 1308 1217 1386 conceptum,
1245 1299 1304 1364 sub
1325 1299 1382 1363 Pi-

327 1415 491 1481 mandrae-
508 1415 665 1482 vocabulo
692 1413 896 1479 illustrissimi
924 1411 1018 1476 huius
1040 1411 1106 1476 Ter
1133 1410 1265 1474 maximi
1292 1409 1381 1474 Mer-

328 1526 408 1590 curii
431 1549 529 1613 opera
550 1526 776 1592 denunciatum
798 1523 943 1590 exhibeo.
987 1523 1080 1588 cuius
1101 1529 1276 1609 proventu,
1306 1541 1381 1584 can-

328 1635 404 1701 dide
426 1633 597 1727 θεόφοβε,
624 1636 688 1701 tria
713 1635 793 1701 haec
823 1635 925 1700 cuivis
952 1634 1076 1700 animae
1098 1631 1303 1698 ratiocinanti
1326 1631 1382 1696 ad-

326 1747 459 1812 modum
487 1748 646 1834 elegantia
672 1747 841 1834 suscipieS,
870 1747 936 1812 Dei
956 1768 1088 1832 nempe,
1118 1745 1183 1828 sui,
1212 1766 1250 1808 ac
1272 1742 1383 1807 mundi

329 1858 553 1922 considerandi
574 1859 718 1943 copiam,
748 1879 787 1920 ac
808 1858 924 1922 horum
946 1855 1215 1938 assequendorum
1238 1861 1382 1936 conatus,

328 1967 440 2032 subtili
461 1966 715 2049 breviloquentia
735 1964 866 2028 tradita.
904 1985 987 2048 quae
1009 1985 1082 2028 cum
1105 1964 1325 2047 antiquissima
1344 1985 1382 2028 ac

328 2087 458 2164 praeter
481 2077 665 2141 chartarum
679 2074 876 2160 praesidium
891 2082 1020 2140 vetusta
1033 2075 1108 2156 sint,
1129 2095 1170 2138 ne
1189 2075 1216 2138 si
1230 2073 1383 2159 pleraque

328 2189 418 2252 varia
439 2189 474 2251 in
494 2185 746 2252 transcribendis
772 2185 1005 2271 exemplaribus
1033 2183 1233 2272 pingentium
1259 2186 1384 2251 incuria

330 2311 388 2364 aut
409 2299 592 2385 ignorantia
611 2297 658 2361 rei
680 2296 813 2362 suborta
833 2297 907 2379 sint,
929 2296 1062 2362 mireris.
1098 2304 1252 2380 quantum
1274 2297 1383 2380 itaque

330 2409 368 2474 in
385 2409 479 2474 nobis
507 2409 629 2491 extitit,
657 2407 878 2472 intemeratam
904 2416 1052 2472 texturae
1080 2408 1295 2474 sinceritatem
1322 2429 1384 2472 nec

329 2519 434 2584 minus
456 2519 620 2602 tuendam,
643 2541 740 2603 quam
762 2527 799 2582 ut
819 2539 880 2604 par
902 2525 981 2602 erat,
1003 2539 1131 2584 sensum
1145 2539 1205 2603 pro
1227 2517 1384 2604 dignitate

329 2629 589 2717 investigandum
611 2630 802 2695 curarimus.
835 2639 1033 2716 quapropter
1054 2629 1212 2694 dictiones
1234 2636 1290 2692 aut
1311 2651 1385 2714 par-

330 2739 462 2825 ticulas,
490 2764 570 2826 quas
593 2765 613 2806 a
634 2762 752 2828 graeco
781 2741 955 2828 exemplari
977 2741 1019 2806 ad
1048 2763 1164 2806 annum
1189 2739 1385 2807 recredita

331 2849 545 2933 detraximus,
575 2851 618 2916 ad
644 2875 734 2920 oram
762 2852 883 2916 codicis
913 2875 930 2916 e
952 2854 1083 2938 regione
1113 2851 1320 2917 contulimus:
1348 2859 1385 2916 ut

330 2959 390 3023 tibi
405 2960 571 3024 varietatis
594 2981 692 3023 causa
705 2959 793 3023 nullo
814 2959 922 3024 taedio
945 2961 988 3024 sit
1008 2961 1113 3024 obvia.
1150 2961 1265 3024 hanam
1279 2969 1386 3026 autem

330 3067 506 3135 dictionum
534 3069 703 3137 nonnullas
731 3092 752 3133 a
779 3069 934 3154 pristinae
962 3069 1110 3135 editionis
1137 3069 1244 3155 indice
1272 3071 1385 3158 selegi-

332 3201 421 3244 mus:
444 3201 525 3264 quas
546 3179 718 3264 aliquando
740 3203 761 3246 a
780 3188 911 3245 textura
932 3179 1052 3248 deletas
1074 3203 1144 3246 esse
1164 3181 1250 3246 idem
1264 3181 1386 3247 indicat

335 3289 450 3355 index:
472 3291 596 3375 aliquas
609 3313 699 3374 vero,
721 3292 826 3356 accito
840 3292 1058 3356 consultorum
1073 3313 1213 3375 assensu,
1236 3315 1300 3358 non
1315 3301 1386 3358 tan-

333 3410 402 3466 turn
419 3424 619 3488 graecarum,
641 3403 700 3467 sed
714 3403 811 3469 etiam
825 3403 1026 3468 orientalium
1039 3403 1220 3490 linguarum
1242 3408 1385 3490 (utpote

329 3509 467 3597 Josephi
490 3511 658 3599 Scaligeri,
679 3513 803 3579 iuvenis
824 3513 1045 3597 illustrissimi,
1067 3535 1133 3578 non
1154 3515 1258 3580 minus
1281 3515 1385 3581 doctis

328 3620 446 3708 linguis
475 3622 608 3705 eruditi,
635 3645 733 3707 quam
762 3624 946 3690 conditione
974 3633 1007 3689 et
1033 3627 1185 3711 prosapia
1212 3625 1382 3711 praeclari)

328 3751 438 3813 opera,
457 3754 638 3816 perpaucos
652 3735 815 3820 pingentis
830 3757 954 3800 errores
969 3736 1141 3802 sarcientes
1157 3736 1387 3818 transtulimus,

332 3861 467 3922 quarum
488 3842 692 3925 loquutiones
713 3846 834 3929 passim
856 3867 877 3908 a
898 3845 1005 3912 latinis
1028 3847 1157 3930 alienas,
1181 3870 1254 3912 cum
1270 3847 1384 3912 verbo-

331 3971 404 4014 rum
418 3950 539 4035 phrasi,
562 3959 631 4018 tum
647 3953 962 4042 hieroglyphiearum
977 3957 1244 4043 significationum
1258 3965 1387 4022 vetusta

331 4059 512 4143 frequentia
539 4066 726 4151 comperies.
773 4075 808 4132 at
830 4067 980 4151 quoniam
1008 4066 1062 4132 hic
1083 4068 1241 4134 Mercurii
1262 4067 1386 4134 libellus

332 4168 570 4258 philosophiam
584 4176 707 4242 Divino
729 4179 902 4262 permiscet
924 4179 1064 4262 oraculo,
1086 4181 1223 4265 utrique,
1244 4178 1385 4265 philoso-

333 4277 429 4362 phiae
449 4305 563 4370 nempe
586 4295 619 4352 et
641 4287 751 4354 divino
773 4290 912 4354 sermoni
934 4290 1166 4374 denunciando,
1189 4313 1262 4356 oum
1277 4309 1386 4372 saepe·

333 4409 465 4454 numero
486 4393 585 4460 latina
606 4399 764 4465 vocabula
786 4399 908 4482 desint,
938 4401 979 4466 ab
1006 4401 1046 4466 iis
1074 4403 1128 4485 qui
1150 4397 1386 4485 philosophiam
