3517 5434
852 658 873 719 7
1329 671 1421 733 Al&

306 831 397 912 φαῖεν
427 815 631 911 ἐπισυμβήνάι
660 823 698 888 τά
729 824 851 888 ἐναντία
881 821 1054 907 ἑκατέροις,
1093 823 1168 906 ὅπερ
1204 821 1267 886 ἐστὶ
1298 824 1420 890 ποίντινν

305 921 527 1007 ἀνοητότερον·
548 922 686 1008 ἀγενήηφ
708 920 765 1006 γάρ
784 920 875 984 οὐδὲν
900 920 1125 1005 ἐπισυμβαίνει·
1155 916 1260 1006 ᾦγάρ
1285 922 1318 985 τδ
1343 919 1422 984 εἶναι

307 1019 349 1104 μὴ
377 1018 552 1104 ἐπισυνέβη,
571 1017 670 1103 τοότιρ
698 1019 773 1082 οὐδὲ
798 1019 834 1082 τδ
856 1017 988 1080 τοιῶσδε
1016 1015 1094 1081 εἶναι
1121 1017 1137 1082 δ
1161 1018 1202 1101 μὴ
1226 1016 1273 1102 είη
1296 1018 1420 1102 ἐπισυμ-

306 1116 412 1203 βαίνει.
451 1117 623 1200 ποιοτήτων
648 1116 703 1199 μέν
731 1113 785 1178 οὐν
809 1113 1003 1199 ἐναντιότητα
1026 1115 1105 1180 ἔστιν
1129 1113 1160 1176 ἐν
1184 1119 1246 1184 τοῖς
1269 1113 1353 1180 οδσιν
1375 1115 1422 1178 ιθ·

305 1218 386 1297 ριῖν,
416 1213 523 1284 οὐσίας
549 1213 586 1278 δέ
615 1211 767 1297 οὐδαμοῦ.
812 1213 921 1276 λευκδν
956 1212 1013 1298 γὰρ
1042 1213 1119 1296 πρὸς
1148 1209 1242 1294 μέλαν
1275 1211 1453 1282 ἐναντίωςδ

305 1308 383 1396 ἔχει,
402 1311 547 1394 ἐκάτιρον
567 1310 602 1374 δέ
625 1310 657 1374 ἐν
677 1313 797 1394 σώματι
815 1313 854 1392 τή
875 1309 970 1374 αὐτοῦ
992 1310 1091 1394 οὐσίᾳ.
1127 1306 1194 1394 ἔχει
1218 1307 1321 1392 μέντοι
1344 1307 1422 1375 αὐτὰ

302 1412 345 1491 πῆ
379 1408 434 1492 μὲν
462 1406 605 1476 ἐναντίως
629 1409 705 1493 πρὸς
725 1407 866 1492 ἄλληλα,
893 1411 934 1490 πή
964 1409 999 1475 δέ
1028 1405 1084 1470 οὐκ
1108 1405 1258 1476 ἐναντίως.
1299 1410 1420 1492 πρῶτον

305 1508 359 1589 μέν
379 1505 437 1590 γὰρ
458 1503 510 1589 ὑφ’
529 1504 560 1567 ἐν
583 1505 671 1588 γένος
692 1505 757 1570 ἐστί
777 1509 906 1592 (χρῶμα
925 1505 982 1591 γὰρ
1003 1506 1165 1590 ἑκάτερα),
1196 1502 1300 1570 ἔπειτα
1324 1504 1351 1568 εί
1370 1503 1421 1568 καὶ

305 1603 427 1668 ἐναντία
449 1601 529 1668 εἶναι
551 1602 656 1679 δοκεῖ,
684 1605 765 1668 ἀλλά
795 1627 831 1685 γε
861 1609 901 1686 τή
934 1603 1005 1689 ὄψει
1031 1603 1179 1671 ποικιλως
1196 1601 1346 1686 προσάγει
1366 1602 1419 1685 τήν

304 1698 485 1764 ἀπόλαυσιν.
529 1699 692 1786 οὐδέτερον
710 1701 768 1786 γάρ
791 1701 896 1764 αὐτοῖν
919 1705 959 1783 τή
979 1701 1171 1784 ἀσυμμετρία
1186 1702 1279 1762 λυπεῖ
1297 1698 1420 1782 ταύτην.
1440 1708 1473 1769 10

305 1796 387 1861 ἀλλά
410 1797 462 1861 καὶ
484 1796 545 1880 ήδη
568 1798 661 1882 ἀρετή
683 1821 715 1861 τε
734 1800 787 1862 καὶ
805 1798 898 1860 κακία
918 1797 949 1860 ἐν
973 1801 1070 1882 ψυχή,
1092 1801 1134 1866 ὡς
1159 1795 1279 1858 ἐναντία
1302 1795 1356 1878 μὲν
1369 1795 1420 1858 καὶ

304 1894 420 1972 ταότα,
440 1892 477 1956 οὐ
505 1892 598 1976 μόνον
620 1896 656 1958 δὲ
681 1894 714 1957 ἐν
732 1900 771 1979 πή
793 1893 873 1977 αὐτή
899 1892 1004 1976 οὐσίᾳ,
1033 1891 1114 1955 ἀλλά
1139 1892 1191 1954 καὶ
1214 1890 1245 1952 ἐν
1272 1890 1316 1952 ἑνὶ
1339 1887 1421 1972 γένει

302 1989 568 2073 προσαγορεύεται
586 1990 662 2070 (ἕξις
680 1991 737 2076 γάρ
759 1989 916 2075 ἑκατέρα),
936 1987 1021 2050 ἅτινα
1037 1989 1088 2050 καὶ
1104 1991 1147 2057 ὡς
1163 1985 1421 2071 ἐπισυμβαίνοντα

304 2092 393 2171 ψυχή
421 2086 603 2170 ἐνυπάρχει,
630 2087 703 2151 όθεν
731 2089 783 2152 καὶ
812 2086 1052 2172 ἀποσυμβαίνειν
1081 2085 1248 2169 ἐνδέχεται,
1274 2087 1326 2165 τῆς
1346 2079 1419 2169 ἐνῇ

305 2182 369 2246 ἐστι
395 2186 491 2245 ταῦτα
520 2182 632 2247 ἀλλοτε
653 2184 757 2254 ἄλλως
785 2183 994 2268 διακειμένης·
1027 2187 1070 2252 ὡς
1093 2181 1172 2246 εἶναι
1195 2182 1307 2264 δῆλον,
1340 2183 1382 2249 ὡς
1402 2183 1418 2246 δ
1439 2189 1472 2251 15

305 2279 361 2361 μὲν
387 2280 458 2362 περὶ
483 2285 537 2364 τῆς
558 2281 667 2352 οὐσίας
694 2283 787 2365 λόγος
815 2283 1006 2367 ἀφώρισται,
1037 2283 1053 2345 ό
1084 2281 1119 2344 δὲ
1146 2279 1215 2364 περὶ
1240 2282 1299 2342 τῶν
1325 2279 1420 2365 ταίιτη

305 2375 585 2462 ἐπισυμβαινόντων
609 2379 714 2464 ἕτερος
734 2381 888 2466 τυγχοίνει.
933 2380 1032 2444 καίτοι
1050 2381 1084 2444 τὸ
1108 2379 1163 2463 μὲν
1187 2375 1296 2442 λευκόν
1315 2399 1347 2440 τε
1370 2378 1422 2444 καὶ

305 2472 401 2558 μέλαν
434 2473 513 2538 ἔστιν
539 2476 591 2540 ότε
613 2480 664 2542 καὶ
691 2482 735 2547 ως
760 2478 920 2562 ἀχώριστα
947 2477 1113 2563 ἐνυπάρχει
1140 2481 1203 2546 τοῖς
1224 2475 1255 2540 ἐν
1280 2477 1326 2545 οἷς
1347 2475 1420 2554 ἐστι,

303 2572 353 2634 καὶ
381 2571 468 2657 ὅμως
490 2574 593 2646 οὐδεὶς
612 2579 739 2640 πώποτε
762 2577 823 2640 ἀπδ
844 2575 960 2640 τούτων
985 2573 1145 2658 ὠνόμακεν
1177 2575 1291 2651 ἐκεῖνα,
1321 2575 1353 2636 ἐν
1376 2574 1422 2646 οἷς

303 2668 366 2732 ἐστι
385 2675 491 2734 ταῦτα.
519 2673 621 2743 οὐδεὶς
644 2674 701 2757 γάρ
723 2673 861 2756 θελήσας
884 2673 965 2754 γάλα
986 2676 1120 2756 σημῆναι
1142 2671 1213 2758 οὐχὶ
1226 2674 1342 2756 μᾶλλον
1360 2673 1418 2756 πρδ
1437 2675 1473 2736 θθ

303 2770 358 2830 τοῦ
378 2767 457 2830 κατὰ
481 2773 536 2832 τοῦ
558 2769 662 2840 εἴδους
683 2775 736 2853 τῆς
759 2769 865 2836 οὐσίας
887 2767 1039 2852 ὀνόματος
1054 2769 1197 2853 κειμένου
1208 2770 1419 2854 κατεχρήσατο

302 2864 337 2926 τδ
357 2866 411 2946 τῆς
433 2863 627 2949 λευκότητος,
650 2866 699 2929 ίνα
721 2868 762 2950 μὴ
786 2865 856 2929 ἀνθ’
883 2865 951 2935 ἐνδς
968 2865 1074 2930 πολλὰ
1097 2867 1253 2949 σημαίνειν
1278 2865 1352 2949 δόΕη
1376 2865 1421 2934 οἷς

302 2957 475 3043 πρόσεστιν.
519 2961 600 3026 ἀλλά
623 2964 682 3047 μὴν
715 2965 767 3028 καὶ
793 2961 913 3046 κόρακα
937 2960 972 3024 οὐ
1004 2967 1048 3048 τῷ
1078 2960 1187 3044 μέλανι
1221 2963 1420 3046 σημαίνομεν,

303 3056 385 3120 ἀλλά
402 3062 447 3142 τῷ
465 3062 520 3122 τοῦ
542 3059 624 3145 ζῴου
647 3062 698 3124 καὶ
725 3065 779 3125 τοῦ
804 3058 907 3128 εἴδους
926 3059 1062 3144 δνόματι.
1107 3055 1196 3122 αὗται
1218 3058 1272 3140 μὲν
1294 3055 1347 3122 οὐν
1369 3058 1421 3122 καὶ

302 3160 442 3219 τοιαῦται
465 3157 633 3241 ἀχώριστοι
652 3158 823 3242 ποιότητες,
841 3157 935 3240 ἀρετὴ
961 3157 995 3220 δὲ
1019 3157 1071 3220 καί
1090 3156 1181 3220 κακία
1204 3155 1235 3218 ἐν
1257 3152 1345 3240 ψυχή
1358 3160 1417 3218 τῶν
1436 3163 1471 3222 25

304 3252 590 3339 ἐπισυμβαινυυσῶν
611 3257 782 3338 ποιοτήτων
810 3255 895 3330 εἰσίν,
926 3257 968 3324 ὡς
996 3256 1112 3338 μᾶλλον
1135 3254 1299 3342 προσήκειν
1323 3253 1419 3336 μηδα·

304 3356 370 3434 μῶς
391 3352 453 3416 ἀπὸ
475 3352 592 3418 τοότων
612 3355 667 3438 τήν
695 3353 801 3419 οὐσίαν
826 3353 888 3416 δεῖν
911 3353 964 3435 τήν
986 3351 1152 3436 ἀνθρώπου
1172 3351 1419 3434 κατηγορεῖσθαι,
1452 3381 1455 3386 ¹

306 3450 370 3514 δεῖν
394 3451 430 3514 δέ
453 3450 565 3534 ταύτην
588 3453 672 3520 ἰδίως
694 3450 910 3535 σημαίνεσθαι.
952 3450 1053 3518 οὐδεὶς
1069 3453 1142 3532 γοῦν
1163 3450 1197 3512 τὸ
1220 3448 1250 3512 τί
1272 3448 1350 3512 ἐστιν
1370 3445 1418 3512 ἄν·

302 3546 428 3629 θρωπος
454 3548 490 3612 ἐκ
511 3553 565 3631 τῆς
586 3549 715 3633 ἐνούσης
733 3554 779 3635 τῷ
800 3550 856 3612 τινὶ
877 3549 984 3618 κακίας
1005 3547 1168 3632 ἐσήμανεν,
1195 3545 1276 3610 ἀλλά
1297 3549 1418 3629 πρῶτον

302 3643 483 3725 τῆςφύσίας
502 3650 537 3711 τδ
563 3646 646 3715 εἶδος
675 3648 788 3725 εἰπών,
816 3646 882 3710 εἶτα
904 3648 955 3712 καὶ
976 3649 1010 3712 τδ
1033 3648 1076 3716 τὶς
1094 3648 1270 3730 προσειπὼν
1292 3645 1417 3729 ὕστερον
1435 3647 1471 3702 ³⁰

302 3746 469 3824 κατηγορεῖ
486 3744 539 3826 τήν
561 3742 719 3826 ποιότητα.
754 3744 925 3826 ποιοτήτων
950 3746 1004 3827 μὲν
1022 3742 1075 3810 οὐν
1091 3743 1123 3825 (δ
1138 3744 1303 3829 προλαβὼν
1320 3740 1420 3826 εἷπον)

303 3836 389 3920 εὐροι
409 3858 452 3904 τις
481 3835 517 3900 ἀν
549 3837 580 3900 ἐν
609 3842 673 3907 τοῖς
702 3838 924 3923 όποβεβηκόσιν
949 3841 1143 3924 ἐναντιότητα
1165 3845 1224 3904 τῶν
1250 3839 1305 3924 μὲν
1327 3863 1418 3925 χωρι-

153 3940 157 3953 “
272 3954 278 3958 ·
303 3937 392 4009 στῶν,
413 3939 474 3996 τῶν
498 3934 534 3997 δέ
555 3935 606 3997 καὶ
626 3935 822 4020 ἀχωρίστων·
847 3935 897 3998 ἐπὶ
922 3936 956 3998 δέ
977 3941 1031 3998 τοῦ
1054 3936 1130 4000 θεοῦ
1150 3941 1234 4002 πᾶσα
1259 3937 1313 4021 μὲν
1334 3936 1418 4000 ποιό·

302 4053 355 4114 της
376 4029 571 4118 ἐκβέβληται,
594 4032 700 4116 ἐπειδή
721 4055 757 4114 γε
776 4031 867 4096 οὐδὲν
888 4031 930 4096 ὧν
954 4035 1093 4096 καλεῖται
1104 4033 1207 4117 ἕτερον
1232 4033 1306 4118 παρ’
1327 4031 1418 4098 αὐτόν

301 4129 435 4207 (ἁπλοῦς
452 4129 509 4215 γάρ
533 4132 584 4194 καί
607 4129 774 4198 ἀσόνθετός
797 4128 902 4210 ἐστιν),
926 4129 1011 4212 ὅμως
1033 4132 1068 4194 δὲ
1090 4136 1129 4215 τῇ
1147 4131 1248 4215 ἐννοίᾳ
1260 4130 1291 4210 (ὃ
1304 4134 1417 4216 προλα·
1434 4137 1470 4192 35

304 4223 407 4307 βόντες
436 4225 584 4311 εἴπομεν)
611 4228 790 4313 προτερεόει
823 4229 857 4292 τδ
889 4225 967 4294 εἶναι
995 4232 1049 4292 τοῦ
1080 4227 1199 4292 τοιόνδε
1230 4228 1317 4298 εἶναι.
1370 4231 1418 4296 διό

304 4345 405 4406 φαμεν
425 4324 631 4410 ἀναλᾰβόντες
653 4330 707 4407 ὡς,
730 4327 757 4390 εἰ
779 4327 921 4410 ἑκάτερα,
942 4326 964 4389 ίί
981 4348 1071 4411 φησιν
1089 4325 1167 4390 εἶναι
1185 4326 1315 4404 ἐναντία,
1327 4325 1418 4392 οὐσία

304 4421 388 4491 ίιῖνσοί
416 4444 449 4484 τε
477 4423 527 4484 καὶ
558 4421 784 4506 ἀγένητος-(οὐ
813 4423 872 4508 γὰρ
904 4423 1099 4508 ἀρνηθεῖεν),
1132 4425 1151 4509 ἢ
1182 4422 1277 4509 ἄμφω
1303 4425 1417 4508 ἀγαθοί,

302 4517 352 4582 ίνα
371 4519 489 4602 μᾶλλον
510 4521 587 4603 πρὸς
606 4519 641 4584 τδ
668 4520 809 4607 εὔφημον
832 4519 971 4608 εὐσεβῶς
994 4520 1045 4586 διὰ
1067 4523 1101 4588 τδ
1126 4519 1221 4592 ὄντως
1244 4519 1277 4586 δν
1300 4521 1417 4606 ἀγαθὸν
