3517 5434
712 708 834 760 Praefatio
854 708 978 760 Flussutis
1310 720 1373 763 lel

324 864 410 930 atavi
431 861 599 929 Abraham
621 863 830 948 temporibus.
870 884 969 947 quare
992 862 1077 926 circa
1100 870 1246 947 tempora
1268 862 1375 927 Abra·

321 976 397 1041 ham
424 975 513 1039 illum
541 970 687 1038 floruisse
714 983 910 1059 putaremus.
962 974 1045 1037 inter
1074 995 1156 1057 quae
1184 981 1251 1038 tam
1278 974 1375 1038 variis

320 1084 471 1150 fluctibus
486 1084 665 1149 aestuantia
677 1106 755 1169 prae
770 1092 930 1149 vetustate
943 1084 1001 1166 rei,
1026 1084 1148 1168 antiqui
1168 1084 1252 1149 illius
1268 1084 1375 1171 graeci

324 1195 452 1303 Suidae
464 1196 593 1281 scriptis
615 1194 768 1260 consultis
790 1216 872 1280 quae
895 1193 935 1259 de
950 1194 1106 1259 Mercurii
1128 1204 1272 1281 tempore
1287 1196 1375 1260 dixe-

322 1308 365 1371 rit
385 1304 595 1372 narrabimus.
633 1307 680 1371 ait
701 1328 840 1390 namque
863 1304 991 1389 Suidas,
1014 1306 1213 1371 Mercurium
1236 1307 1376 1372 Trisme-

323 1419 442 1505 gistum
470 1418 649 1505 sapientem·
668 1417 857 1504 Aegiptium
886 1415 1031 1482 floruisse
1061 1426 1134 1482 ante
1162 1418 1375 1485 Pharaonem.

322 1528 523 1594 Pharaonem
539 1537 656 1611 autem,
678 1528 764 1592 fatur
776 1527 874 1609 idem,
891 1528 979 1592 illum
995 1528 1092 1593 fuisse
1107 1529 1242 1617 Aegipti
1256 1552 1377 1619 regem,

323 1641 379 1725 qui
401 1640 605 1725 sequentihus
627 1662 743 1705 nornen
769 1637 897 1703 indidit.
944 1661 1041 1723 quare
1071 1642 1098 1705 si
1126 1641 1264 1726 primum
1290 1642 1378 1706 Pha-

323 1774 452 1817 raonem
474 1751 700 1838 praecesserit,
729 1772 793 1815 non
815 1748 898 1815 citra
924 1748 1037 1814 horum
1059 1750 1156 1815 trium
1177 1752 1380 1837 patriarcha-

323 1884 394 1926 rum
423 1872 569 1948 tempora
595 1863 694 1927 fuisse
722 1869 865 1942 constat,
889 1883 961 1925 cum
984 1860 1166 1943 Abraham,
1194 1862 1293 1927 Iacob
1322 1874 1379 1927 aut

323 1971 452 2037 Israelis
480 1978 624 2057 tempore
652 1972 717 2034 iam
746 1969 895 2035 adessent
922 1994 1021 2058 regno
1050 1970 1247 2037 Pharaones.
1298 1972 1380 2037 haec

324 2083 435 2170 sagaci
462 2082 576 2148 lectori
602 2104 622 2147 a
647 2080 741 2146 nobis
759 2069 905 2147 'collecta
933 2080 1135 2147 discutienda
1162 2082 1380 2167 relinquimus,

324 2194 486 2277 quocirca,
508 2190 692 2258 Christiane
712 2192 825 2274 lector,
848 2214 976 2276 quoquo
999 2214 1033 2256 se
1056 2202 1162 2259 vertat
1182 2194 1380 2259 Termaximi

324 2294 408 2369 illius
430 2311 535 2369 status
556 2312 613 2369 aut
635 2302 829 2368 conditionis
849 2302 1027 2389 negotium,
1049 2303 1089 2369 iis
1113 2327 1194 2389 quae
1218 2305 1258 2371 de
1279 2306 1381 2392 ipsius

323 2415 473 2480 dicuntur
492 2422 649 2501 tempore,
671 2413 873 2499 disciplinam
896 2414 935 2479 ab
958 2414 1028 2499 ipso
1044 2415 1195 2481 traditam
1211 2428 1379 2504 antepone,

324 2549 362 2591 ac
382 2526 582 2592 Mercurium
604 2525 749 2611 suscipe,
770 2548 835 2590 non
856 2524 1130 2610 modotanquam
1151 2526 1378 2615 philosophum

322 2638 529 2724 prophetam,
564 2660 677 2702 verum
704 2646 737 2701 et
764 2637 992 2724 philosophum
1020 2638 1236 2725 evangelistae
1264 2662 1380 2705 nomen

324 2750 542 2835 promeritum.
586 2748 641 2814 hic
668 2769 807 2834 namque
835 2750 973 2839 gratiam
1002 2749 1184 2837 praecipuis
1213 2749 1379 2815 effectibus

322 2860 482 2925 nunciatis
504 2860 624 2925 homini
637 2861 830 2948 propalavit,
852 2872 886 2927 et
908 2862 1002 2929 huius
1024 2863 1170 2945 salutem,
1193 2860 1292 2927 aDei
1313 2862 1380 2925 filio

324 2992 389 3035 uno
410 2970 538 3035 homine
551 2971 778 3058 regenerandis
792 2971 973 3039 hominibus
989 2973 1076 3055 dato,
1098 2972 1241 3063 pendere
1258 2973 1383 3057 primus

326 3081 461 3166 aperuit.
506 3082 730 3167 exponendum
757 3092 865 3149 autem
893 3084 1041 3149 volumen
1069 3084 1228 3167 utrisque,
1256 3085 1381 3171 graecis

325 3212 365 3256 ac
386 3192 494 3257 latinis
516 3215 535 3257 e
556 3193 688 3280 regione
715 3196 898 3262 constitutis
926 3196 1107 3261 curavimus
1130 3195 1380 3277 characteribus,

324 3302 547 3369 distinctiones
582 3304 759 3372 sectionum
789 3306 828 3371 ad
858 3308 1042 3373 interiorem
1071 3306 1263 3393 exemplaris
1291 3329 1379 3371 oram

324 3414 465 3479 sumens
487 3414 708 3503 designantes,
737 3440 818 3503 quas
840 3419 969 3503 quidem
999 3418 1234 3485 commentariis
1256 3418 1382 3506 gallicis

325 3524 503 3591 scribendis
531 3526 781 3593 observavimus.
832 3531 926 3615 aequi
955 3531 1054 3618 igitur
1083 3531 1221 3614 bonique
1252 3530 1380 3596 consule

326 3644 361 3697 et
380 3635 484 3701 labori
504 3646 616 3702 nostro
637 3638 779 3725 indulge.

762 3959 958 3973 *ἡ
