3517 5434
404 725 438 777 32
840 724 929 795 Λόγος
948 727 1023 799 ίερός.
1360 751 1411 800 cap.
1431 731 1456 784 3.

403 881 468 944 τῶν
491 881 638 963 σημείοις
660 875 780 943 ἅπασι·
803 882 859 945 καὶ
880 878 1097 968 διηριθμήθη
1121 879 1162 947 τα
1185 879 1293 972 ἄστρα
1311 879 1456 961 οὖντοῖς

403 997 440 1056 ἐν
469 987 581 1067 αὐτοῖς
610 991 719 1066 θεοῖς·
755 993 811 1055 καὶ
839 995 1047 1078 περιειλίχθη
1077 989 1114 1058 τὸ
1144 990 1347 1084 περικύκλιον
1375 993 1455 1081 σἰἐρι,

402 1103 520 1184 κυκλίῳ
549 1095 737 1187 ὃρομήματι
764 1097 924 1185 πνεύματι
952 1104 1037 1187 θείῳ
1067 1101 1255 1190 ὀχούμενον.
1291 1103 1391 1185 ἀνῆκε
1421 1107 1489 1171 dia

298 1215 374 1295 .s·.³
403 1218 538 1288 ἕκαστος
572 1205 657 1288 θεὸς
691 1206 746 1276 διὰ
775 1214 832 1291 τῆς
861 1213 949 1288 idlae
977 1209 1144 1298 δυνάμεως
1173 1210 1212 1280 τὸ
1241 1219 1456 1304 προσταχθὲν

342 1322 349 1353 “’
403 1321 506 1406 αὐτῷ·
529 1326 586 1387 καί
607 1326 732 1407 ἐγένετο
756 1325 865 1408 θηρία
887 1320 1074 1412 τετράποδα
1097 1328 1152 1390 καὶ
1174 1321 1293 1412 ἑρπετὰ
1307 1330 1362 1392 καὶ
1385 1330 1455 1392 ἐνυ·

402 1437 466 1522 δρα
487 1435 542 1500 καὶ
565 1427 674 1514 πτηνοὶ
696 1435 751 1498 καὶ
773 1437 867 1499 πᾶσα
890 1429 1000 1522 σπορὰ
1022 1438 1181 1525 ἐνοπορος
1196 1441 1251 1502 καὶ
1263 1433 1385 1526 χόρτος
1399 1441 1455 1502 καὶ
1473 1452 1489 1502 6

403 1539 533 1621 ἄνθους
560 1541 685 1622 παντὸς
709 1541 809 1629 χλόη,
837 1540 876 1609 τὸ
905 1551 1034 1631 σπέρμα
1063 1549 1121 1626 τῆς
1148 1550 1397 1638 παλιγγενεσίας
1420 1554 1455 1612 ἐν

402 1661 531 1734 ἑαυτοῖς
553 1659 695 1741 ἔχοντες·
723 1651 987 1742 ἐσπερμολόγουν
1009 1679 1042 1721 τε
1066 1651 1126 1734 τοίς
1146 1661 1285 1742 γενέσεις
1307 1660 1372 1722 τῶν
1395 1656 1455 1723 oiv-

401 1763 550 1852 θρώπων
573 1773 617 1843 εὶς
639 1768 740 1852 ἐργωυ
761 1768 867 1831 θείων
889 1771 1009 1849 γνῶσιν
1031 1770 1087 1834 καὶ
1109 1763 1236 1856 φύσεως
1256 1772 1454 1855 ἐνεργοῦσαν
1474 1787 1490 1835 9

400 1880 600 1967 μαρτυρίαν,
628 1879 685 1942 καὶ
713 1878 847 1957 πλῆθος
876 1873 1066 1963 ἀνθρώπων
1089 1885 1133 1956 εές
1154 1875 1286 1946 πάντων
1315 1881 1381 1944 τῶν
1401 1877 1458 1944 ὑπ’

402 1983 546 2077 οὐρανὸν
568 1990 761 2055 δεσποτείαν
783 1991 839 2053 καὶ
862 1986 1006 2071 ἀγαθῶν
1021 1992 1202 2076 ἐπίγνωσιν,
1226 1996 1269 2067 εὶς
1291 1985 1329 2056 τὸ
1353 1986 1453 2068 αὐξά-

400 2103 524 2168 νεσθαι
546 2105 581 2164 ἐν
603 2095 737 2179 αὐξήσει
759 2101 814 2166 καὶ
828 2096 1071 2180 πληθύνεσθαι
1093 2107 1128 2166 ἐν
1150 2097 1290 2181 πλήθει,
1312 2103 1369 2166 καὶ
1390 2101 1506 2168 nei-12

346 2281 351 2290 ,
401 2233 465 2277 σαν
493 2217 528 2276 ἐν
556 2213 654 2296 σαρκὶ
688 2205 798 2300 ψυχὴν
826 2206 880 2275 διὰ
909 2208 1122 2298 ὃρομήματος
1154 2212 1246 2276 θεῶν
1274 2213 1455 2293 ἐγκυκλίων,

240 2310 246 2328 “
305 2311 310 2316 ’
401 2323 646 2410 [τερασπορίας]
669 2317 1071 2406 είςκατοπτίανῆίρανοῦ
1092 2323 1147 2383 καὶ
1170 2314 1382 2403 ὂρομήματος
1397 2317 1453 2384 οὐ·
1542 2385 1545 2392 ,

400 2435 524 2522 ρανίωυ
545 2435 638 2500 θεῶν
659 2435 715 2500 καὶ
738 2434 840 2519 ἐργων
863 2431 968 2528 εξίων
990 2432 1044 2496 καὶ
1068 2425 1195 2518 φύσεως
1216 2433 1386 2513 ἐνεργείας,
1410 2429 1454 2506 ε’ίς
1474 2448 1506 2497 15

400 2569 434 2610 τε
457 2557 577 2630 σημεῖα
599 2541 755 2627 ἀγαθῶν,
785 2547 829 2616 εὶς
855 2541 976 2624 γνῶσιν
999 2542 1099 2616 θείας
1127 2533 1306 2624 δυνάμεως,
1334 2543 1454 2627 μοίρας

472 2781 494 2832 l.
514 2777 683 2852 διηριθμὴθη
701 2774 737 2826 τοὶ
754 2770 853 2844 ἄστρα]
867 2773 902 2825 sie
917 2775 980 2826 Patr.
1000 2774 1157 2847 διηρθρώθη
1175 2773 1274 2844 reliqui.
1310 2777 1335 2828 2.
1349 2771 1453 2840 αὐτοῖς]

471 2862 540 2937 αὐτῇ
553 2864 599 2917 ΑΒ
612 2863 691 2914 Turn.
712 2852 725 2927 ll
758 2859 933 2932 περιειλίχθη]
951 2861 987 2914 sie
998 2862 1032 2926 B,
1050 2862 1184 2934 περιεληγη
1203 2865 1238 2926 Α,
1257 2861 1386 2934 περιλὴγει
1398 2861 1452 2912 edd.

472 2953 495 3004 7.
515 2947 589 3016 ἄνθη
607 2946 694 3013 πάσης
710 2943 788 3016 χλόης
807 2947 871 3001 Patr.
891 2943 906 3016 ΙΙ
932 2946 974 3016 τὸ]
989 2951 1033 3002 καὶ
1045 2947 1077 3000 τὸ
1090 2947 1121 3000 Β.
1136 2941 1149 3016 Η
1173 2948 1210 3000 τὰ
1228 2953 1369 3019 σπέρματα
1388 2947 1453 2998 Patr.

471 3039 496 3092 8.
515 3030 630 3100 ἑαυτοῖς]
648 3032 683 3084 εἰσ
702 3033 757 3098 ΑΒ,
775 3029 868 3095 αὐτοῖς
886 3037 940 3088 edd
962 3030 976 3104 ll
1013 3040 1113 3102 ἔχοντες
1131 3035 1189 3084 add.
1207 3034 1279 3086 Tied.
1300 3028 1313 3101 ll
1344 3054 1371 3086 τε
1390 3030 1452 3096 τοὶς]

471 3123 505 3174 sie
524 3119 594 3172 Tied
614 3116 665 3180 τάς
682 3141 711 3174 τε
734 3120 835 3190 reliqui.
918 3122 943 3174 9.
962 3123 1053 3190 γνῶσιν
1072 3124 1155 3174 θείων
1173 3123 1204 3172 Α.
1289 3119 1330 3169 10.
1351 3116 1396 3182 εἰς]
1420 3118 1454 3166 sic

470 3209 492 3259 F
494 3207 551 3258 lusa.
574 3207 620 3258 aral
641 3206 740 3276 reliqui.
813 3206 855 3259 lt.
874 3209 1054 3280 τερασπορίοις
1077 3204 1147 3256 uncis
1170 3204 1230 3256 incl.
1248 3203 1319 3254 Tied.
1340 3199 1353 3270 Η
1391 3205 1454 3270 δρο-

470 3288 593 3361 μήματος
611 3287 741 3363 οὐρανίων
758 3313 809 3345 om.
828 3293 893 3344 Patr.
967 3291 1008 3341 15.
1027 3287 1129 3356 φύσεων
1148 3289 1203 3338 ΑΒ.

401 3511 428 3558 et
446 3497 483 3554 dii
502 3499 529 3552 in
547 3506 681 3553 astrorum
699 3495 767 3551 ideis
786 3497 839 3550 visi
862 3513 922 3549 enm
945 3511 1036 3548 eorum
1060 3491 1144 3565 siguis
1168 3489 1302 3560 omnibus;
1326 3500 1354 3545 et
1377 3489 1453 3545 dinu-

401 3594 499 3643 merata
518 3593 582 3640 sunt
599 3593 670 3638 astra
689 3601 748 3637 cum
767 3580 833 3647 diis,
855 3581 902 3652 qui
920 3579 948 3633 in
966 3579 1033 3654 ipsis
1053 3586 1135 3631 eraut.
1160 3584 1187 3631 et
1204 3575 1452 3654 circumprehensus

403 3683 445 3730 est
463 3669 580 3726 eirenlus
598 3676 668 3736 atre,
686 3664 810 3723 circulari
829 3683 909 3720 eursu
928 3664 1020 3720 divino
1038 3663 1136 3740 spiritu
1148 3661 1225 3718 latus.
1245 3671 1272 3718 et
1284 3662 1453 3734 protulerunt

401 3755 500 3832 singuli
529 3755 568 3811 dii
596 3775 646 3833 per
669 3753 805 3830 propriam
827 3753 975 3828 potentium
997 3749 1069 3826 quod
1091 3747 1143 3804 sibi
1167 3747 1217 3803 init
1240 3747 1402 3819 ordinatum
1425 3758 1453 3804 et

400 3852 540 3922 generatae
557 3851 620 3898 sunt
637 3839 708 3897 ferae
726 3837 912 3915 quadrupedes
931 3848 959 3893 et
977 3845 1115 3915 serpentes
1135 3845 1162 3892 et
1179 3844 1301 3891 natantes
1320 3848 1347 3892 et
1365 3835 1453 3890 volan-

400 3941 442 3988 tes
461 3939 489 3985 et
506 3947 584 3984 omne
603 3944 693 3981 semen
711 3924 870 3981 [meandum
889 3934 916 3979 et
934 3944 1040 4000 gramen
1063 3933 1090 3978 et
1108 3922 1183 3978 iloris
1207 3925 1292 3978 omnis
1315 3921 1397 3975 lrerba
1416 3921 1453 3975 vi.

400 4037 476 4080 rens,
494 4016 594 4071 semina
612 4013 822 4088 regenerationis
840 4013 867 4066 in
888 4031 917 4067 se
936 4014 1003 4089 ipsis
1020 4010 1159 4065 habentes.
1191 4007 1357 4062 seminabant
1375 4005 1451 4058 etiam

399 4103 584 4178 generationes
602 4100 738 4155 hominnm
757 4097 790 4153 ad
808 4117 919 4174 opernm
939 4099 1089 4153 divinorum
1108 4094 1285 4166 cognitionem
1304 4099 1331 4144 et
1343 4098 1452 4144 naturae

399 4191 490 4244 vivum
506 4189 686 4243 testimonium
706 4195 733 4241 et
750 4183 945 4240 multitudinem
968 4183 1104 4237 hominum
1123 4177 1156 4232 ad
1175 4177 1291 4232 omnium
1315 4195 1382 4251 quae
1401 4177 1451 4231 suls

400 4273 477 4330 coelo
500 4284 563 4330 snnt
584 4273 791 4330 dominationem
814 4281 842 4325 et
863 4269 995 4324 bonorum
1017 4266 1191 4341 agnitionem,
1216 4272 1245 4318 nt
1263 4272 1406 4337 augeantur
1424 4267 1451 4318 in

399 4371 539 4439 augmento
558 4370 585 4416 et
603 4359 813 4436 multiplicentur
830 4358 858 4410 in
875 4351 1061 4417 multitudiue,
1083 4358 1110 4404 et
1134 4367 1236 4403 omnem
1254 4351 1281 4404 in
1300 4369 1378 4404 earne
1397 4351 1451 4404 ani-

400 4469 467 4506 mam
486 4471 535 4527 per
553 4465 659 4506 cursum
681 4443 792 4501 deorum
814 4439 981 4497 circularium
1000 4439 1027 4495 in
1046 4437 1238 4515 inspectionem
1264 4435 1331 4493 coeli
1351 4445 1377 4492 et
1396 4453 1452 4490 eur-
