3517 5434
342 687 370 740 Δ
386 682 512 741 24-27.
875 670 916 732 10

345 841 460 922 χρῶμα
487 837 565 921 γάρ,
598 836 626 899 εί
653 835 706 898 καὶ
737 838 905 922 διάφορον,
942 837 1102 922 ἑκάτερον·
1147 836 1216 923 όψις
1247 836 1305 922 γὰρ
1334 838 1354 920 ἡ
1383 837 1461 922 αὐτὴ

344 935 462 1018 δμοίως
489 933 628 1018 ἐκατέρῳ
654 938 806 998 κοινωνεῖ.
859 933 943 997 οὕτω
965 933 1002 1019 δὴ
1024 935 1123 998 πάντα
1144 935 1181 997 τὰ
1202 936 1333 1017 σώματα
1352 936 1462 1019 ὁρατά,

345 1031 373 1093 εί
397 1031 448 1094 καλ
475 1031 611 1116 διάφορα
636 1036 680 1116 τιγῖ
710 1029 787 1094 εἴδει
807 1030 983 1116 φάσκομεν·
1024 1031 1050 1094 εί
1084 1031 1119 1094 δὲ
1152 1033 1294 1115 σώματαγ
1308 1033 1461 1115 σωμάτων

342 1128 481 1213 κρείττω,
499 1129 534 1192 τδ
557 1130 683 1193 κωλῦον
703 1125 811 1204 οὐδέν,
832 1129 913 1212 πλήν
935 1149 969 1210 γε
993 1129 1122 1212 σιόματα
1142 1129 1255 1192 πάντα·
1290 1127 1362 1192 ὅθεν
1385 1127 1461 1192 οὐδὲ

309 1227 554 1310 ῦπροσκυνητδν
572 1228 705 1310 μάλιστα
721 1231 766 1311 τῷ
787 1226 898 1308 όρῶντι
919 1226 953 1288 τδ
976 1224 1098 1310 όρατόν,
1122 1230 1165 1296 ὡς
1186 1223 1460 1311 καταλαμβανόμε-

343 1345 395 1386 νον
421 1325 499 1407 πρὸς
523 1324 632 1388 αὐτοῦ.
673 1324 702 1386 εί
729 1321 831 1386 τοίνυν
856 1321 921 1386 εἶδε
948 1323 982 1386 τδ
1012 1322 1047 1386 ἐκ
1070 1327 1123 1407 τῆς
1150 1322 1256 1392 οὐσίας
1282 1325 1302 1407 ἡ
1325 1323 1382 1406 ῦλῆ
1405 1325 1460 1386 τοῦ

341 1420 435 1497 θεοῦ,
470 1421 631 1504 συγγενείᾳ
652 1421 779 1504 πλείστη
802 1442 836 1482 τε
857 1422 910 1484 καὶ
931 1419 1088 1506 ὁμοιότητι
1109 1423 1186 1505 πρὸς
1209 1421 1263 1506 τῆν
1283 1419 1360 1484 θέαν
1380 1418 1460 1506 ῆλθε

342 1518 394 1582 καὶ
416 1517 507 1582 οὐδὲν
532 1517 628 1582 πλέον
661 1519 755 1604 ἐχρῆν
783 1519 861 1604 πρὸς
888 1520 940 1582 τδν
965 1517 1134 1582 ἀσύστατον
1156 1520 1276 1582 τουτονὶ
1298 1518 1395 1603 μῦθον
1420 1519 1460 1580 εῖ-

341 1620 430 1679 πεῖν·
460 1616 490 1679 εἰ
520 1615 556 1678 δὲ
580 1617 632 1680 καὶ
659 1615 838 1700 ἐπεθύμησε
857 1620 913 1680 τοῦ
937 1615 1104 1703 φανέντος,
1132 1617 1166 1680 τδ
1194 1617 1315 1679 πάντων
1337 1615 1460 1700 ἀριστον

291 1719 326 1772 1⁰
344 1713 424 1797 αὐτῇ
447 1712 738 1798 προσεμαρτύρησεν
774 1714 792 1777 ό
824 1713 971 1800 ἀνόητος,
1007 1717 1051 1783 όνς
1075 1713 1183 1778 κακίαν
1215 1713 1269 1798 μὲν
1292 1712 1391 1796 ὄνομα
1414 1735 1459 1776 τε·

342 1811 479 1875 θεικέναι
507 1811 628 1886 δοκεῖν,
657 1811 765 1874 οὐσίαν
795 1812 831 1874 δὲ
867 1811 986 1895 ἀγαθὴν
1017 1815 1305 1897 προσομολογῆσαι·
1345 1813 1375 1874 τί
1402 1811 1459 1896 γὰρ

344 1910 388 1979 εἰς
410 1908 564 1979 ἀπόδειξιν
592 1909 824 1991 καλοκαγαθίας
857 1914 962 1994 μεῖζον
994 1915 1049 1973 τοῦ
1083 1909 1272 1993 ἐπιθυμῆσαι
1306 1911 1460 1993 τάγαθοῦς

342 2005 392 2079 28,
432 2009 461 2071 εἰ
482 2007 518 2070 δὲ
536 2007 644 2091 (φησιῆ
664 2007 716 2069 καὶ
738 2007 908 2093 ἐπελάβετο
930 2009 981 2072 καλ
1008 2007 1160 2085 κατέπιεν,
1183 2004 1227 2076 ιός
1251 2005 1389 2091 ἐγκύμων
1411 2031 1458 2090 γε·

342 2105 451 2169 νέσθαι
471 2110 526 2188 τῆς
557 2105 694 2173 ἐναντίας
713 2109 768 2168 τοῦ
789 2106 864 2170 θεοῦ
889 2105 1014 2183 οὐσίας,
1036 2107 1087 2169 καὶ
1116 2110 1182 2176 ταῖς
1203 2107 1291 2175 ἰδίαις
1312 2106 1460 2188 δυνάμεσι

292 2207 326 2262 15
344 2203 547 2287 διένειμεν-
569 2204 595 2266 ὦ
618 2207 671 2286 τῆς
690 2201 806 2285 ἀλόγου
827 2205 946 2287 μανίας.
972 2203 1029 2266 οὐκ
1048 2202 1113 2266 είδε
1130 2202 1222 2287 μόνον
1236 2202 1378 2266 ἀλλὰκαὶ
1392 2202 1458 2265 ἐπε-

342 2300 482 2384 θύμησε,
510 2302 562 2364 καὶ
592 2300 649 2364 οὐκ
667 2299 846 2384 ἐπεθύμησε
880 2299 973 2385 μόνον
997 2300 1078 2364 ἀλλά
1099 2302 1151 2364 καὶ
1171 2299 1316 2381 κατέπιε,
1346 2301 1457 2364 καὶού

341 2397 468 2462 κατέπιε
497 2397 591 2482 μόνον
622 2399 703 2462 ἀλλά
727 2399 779 2462 καὶ
800 2398 936 2484 κατέχει.
975 2402 1070 2462 ταῦτα
1092 2400 1190 2463 πάντα
1215 2404 1323 2485 σαφῶς
1345 2398 1381 2462 οὐ
1404 2400 1458 2482 τὴν

343 2495 540 2579 ἐναντιότητα
565 2499 619 2579 τῆς
650 2495 776 2580 φύσεως
806 2496 917 2581 ὁρίζει,
953 2495 1048 2580 ἄκραν
1078 2498 1196 2561 δὲκαὶ
1224 2497 1279 2582 τῆν
1310 2498 1458 2562 ἀνωτάτω

343 2593 519 2676 συγγένειαν
545 2594 661 2678 ἀμφοῖν
692 2594 849 2677 όμολογεῖ.
891 2592 952 2658 εἴτε
974 2594 1031 2679 γάρ
1058 2594 1272 2678 ἀγανακτοῦσα
1294 2595 1385 2679 (όπερ
1409 2598 1458 2658 λο-

290 2697 326 2752 ίθ
342 2695 454 2776 γισμοῦ
474 2692 586 2774 δεῖγμα
606 2692 763 2776 τυγχάνει)
786 2691 847 2756 εἴτε
867 2693 920 2758 καὶ
939 2691 1134 2776 ἐπιθυμοῦσα
1152 2694 1277 2758 κατέπιε
1299 2695 1332 2760 τδ
1351 2693 1458 2779 φανέν,

342 2788 468 2875 φύσεως
497 2787 636 2874 ἄντικρυς
672 2791 818 2854 κοινωνία
849 2795 946 2855 ταῦτα
976 2789 1087 2875 γένοιτ’
1117 2789 1172 2854 ἀν·
1212 2793 1239 2856 εί
1267 2791 1324 2877 γάρ
1357 2791 1459 2877 ἀκρως

275 2909 280 2917 ·
335 2887 479 2972 ὑπῆρχεν
517 2886 654 2967 ἐναντία,
693 2889 843 2971 συνῆλθεν
870 2889 1018 2974 οὐδαμῶς
1048 2887 1083 2952 ἀν
1117 2890 1257 2974 ἑκάτερα.
1327 2887 1378 2962 20,
1420 2889 1457 2953 οὐ

342 2986 463 3048 συνεῖδε
482 2985 518 3048 δὲ
537 2986 615 3070 πρδς
634 2989 699 3054 τοῖς
720 2984 827 3056 ἀλλοις
848 2989 865 3052 ό
892 2987 1048 3074 βάρβαρος
1068 2983 1143 3050 οὐδὲ
1162 2991 1264 3066 τοῦτο,
1288 2988 1367 3072 ότιῆ
1384 2987 1457 3051 ἀπο-

342 3084 489 3146 σταλεῖσα
514 3085 600 3168 παρὰ
620 3087 675 3147 τοῦ
699 3083 776 3147 θεοῦ
800 3083 942 3169 δύναμις,
971 3086 998 3147 εί
1027 3084 1081 3167 μὲν
1104 3083 1270 3168 ἀσώματος
1290 3085 1338 3171 ῆν,
1361 3083 1457 3170 τομὴν

289 3181 325 3237 ῦῦ
342 3178 490 3265 οὐδεμίαν
511 3181 700 3266 παρεδέξατο
725 3180 772 3259 ἀν,
795 3186 839 3252 ὡς
861 3183 1012 3265 μηδαμῶς
1024 3171 1294 3266 καταδιαιρεθῆναι
1307 3181 1459 3246 δύνασθαι

341 3277 407 3341 κατ’
429 3277 535 3342 οὐσίαν
566 3279 680 3348 εἰςτὰς
712 3280 850 3347 ἐναντίας
876 3279 1024 3360 δυνάμεις
1045 3279 1121 3362 μήτε
1144 3279 1204 3364 μὴν
1226 3280 1457 3362 καταποθῆναι·

340 3377 376 3438 τδ
401 3375 458 3460 γὰρ
480 3378 646 3460 ἀσιύματον
667 3377 733 3439 τίνα
754 3375 791 3438 ἀν
812 3373 1004 3458 καταποθείη
1027 3374 1159 3460 τρόπονς
1180 3376 1208 3437 εί
1229 3377 1264 3437 δὲ
1286 3377 1456 3458 σωματική,

340 3475 401 3535 πᾶν
427 3477 518 3557 σῶμα
544 3472 809 3556 κατατεμνόμενον
836 3475 888 3536 καὶ
919 3471 1254 3555 κατακερματιζόμενον
1288 3471 1457 3553 ἀναιρεῖται

340 3568 453 3654 τρόπον
473 3569 540 3633 τινὰ
560 3571 612 3632 καὶ
634 3574 687 3652 ζῆν
710 3567 812 3632 οὐκέτι
833 3567 958 3631 δύναται
983 3567 1037 3652 τῆν
1061 3569 1138 3632 ἰδίαν
1159 3569 1251 3652 ζωήν.
1295 3570 1456 3650 τοιγαροῦν

289 3667 362 3751 δύῆ
385 3668 552 3751 ἀσώματος
578 3666 616 3751 ῆν
641 3669 661 3749 ἡ
692 3666 904 3727 ἀποσταλεῖσα
931 3665 1016 3750 παρὰ
1037 3671 1091 3731 τοῦ
1116 3666 1237 3750 ἀγαθοῦ
1260 3664 1458 3749 δύναμιςκαὶ

340 3763 489 3847 οὐδαμῶς
506 3763 578 3826 οὔτε
598 3760 758 3845 κατεπόθη
780 3759 852 3825 οὔτε
875 3763 921 3832 εἰς
942 3761 1077 3834 πολλοὺς
1101 3763 1231 3850 διῃρέθη
1253 3765 1318 3844 (καὶ
1341 3762 1456 3826 πέπαυ-

338 3886 390 3928 ται
409 3864 460 3926 καὶ
482 3863 566 3925 οότω
586 3860 744 3929 παντελῶς
764 3861 781 3924 ό
803 3859 917 3944 μῦθος)
947 3862 966 3946 ῆ
992 3864 1149 3948 σωματική
1173 3885 1216 3932 τις
1237 3862 1385 3946 ἐτύγχανε
1405 3859 1457 3922 καλ

340 3960 493 4045 ἀνῆρηται
513 3959 612 4042 πάντη
633 3957 685 4020 καλ
705 3957 853 4022 ἀπόλωλε
871 3953 948 4044 πρὸς
966 3964 1020 4044 τῆς
1041 3961 1161 4038 κακίας,
1187 3960 1262 4045 ὅπερ
1287 3959 1348 4021 ἐστὶ
1365 3957 1456 4042 χαλε-

338 4045 479 4140 ’πόιτερον
498 4057 542 4125 εἰς
562 4055 647 4142 όβριν
668 4060 723 4120 τοῦ
742 4055 880 4138 ἀγαθοῦ,
905 4059 1021 4140 μᾶλλον
1045 4059 1081 4122 δὲ
1103 4057 1299 4144 ἰσχυρότερον
1323 4056 1367 4124 είς
1385 4054 1456 4117 ἀνα-

288 4157 324 4213 ³5
342 4153 455 4240 σκευὴν
484 4158 538 4218 τοῦ
567 4154 684 4238 μύθου·
716 4157 809 4238 σῶμα
836 4154 895 4240 γάρ
924 4156 1000 4219 καθ’
1025 4158 1117 4220 έαυτδ
1148 4153 1300 4238 διαιρεθὲν
1322 4152 1373 4215 καὶ
1395 4151 1456 4214 δια-

196 4242 201 4258 ¹
340 4253 523 4338 σκορπισθδν
545 4255 632 4334 (νοῦς
651 4251 709 4336 γάρ
732 4251 769 4314 οὐ
791 4252 967 4336 διαιρεῖται)
980 4254 1070 4317 ποίαν
1094 4252 1161 4338 ἔχει
1183 4251 1237 4337 τὴν
1256 4249 1354 4336 ἰσχύν,
1376 4250 1457 4313 ὥστε

339 4349 515 4416 δποτόττειν
538 4352 593 4437 τῆν
615 4352 722 4417 κακίαν
742 4351 777 4413 τδ
798 4349 950 4435 τοσαύτην
971 4373 1006 4434 γε
1025 4353 1140 4438 βλάβην
1160 4351 1211 4414 καὶ
1232 4350 1316 4435 όβριν
1338 4348 1382 4416 είς
1402 4346 1456 4431 τὴν

340 4449 418 4515 ἰδίαν
446 4447 535 4536 φύσιν
559 4451 747 4535 ὑπομεῖναν,
779 4446 823 4518 ιδς
847 4449 1018 4535 ἠφανίσθαι
1041 4451 1093 4513 καὶ
1118 4445 1316 4512 ἀπολωλέναι
1337 4447 1456 4510 δοκεῖν·

339 4553 430 4612 τοῦτο
449 4549 507 4635 γὰρ
529 4546 606 4613 ίδιον
630 4551 774 4634 σώματος
796 4547 1074 4631 κατατεμνομένου.
1113 4545 1162 4618 2Ὶ,
1193 4548 1227 4610 τὸ
1246 4545 1280 4610 δὲ
1306 4544 1344 4629 δὴ
1360 4563 1456 4628 παρα·
