3517 5434
295 640 376 696 Ἰοόλ.
826 626 887 686 120

301 797 459 878 σώματος,
488 793 516 856 εί
541 793 592 855 καὶ
620 789 724 876 ἕτερόν
752 814 780 854 τι
807 791 870 856 ἐστὶ
891 792 976 877 παρὰ
996 793 1049 874 τὴν
1073 791 1184 877 ψυχήν.
1227 789 1339 858 όθεδς
1361 788 1415 854 οόν

301 892 318 955 ό
340 891 592 975 ἐνανθρωπήσας,
617 889 756 972 όιιόριος
776 891 827 953 καὶ
847 890 993 974 προῦχων
1017 889 1086 974 [77]
1108 892 1161 971 τῆς
1181 889 1363 972 γεννήσεως,
1389 889 1416 950 εί

300 990 351 1053 καί
378 987 555 1071 γεγέννηται
585 989 645 1051 ἀπὸ
675 985 833 1068 γυναικός,
865 987 969 1072 κόριος
994 988 1053 1064 ὤν,
1086 988 1113 1050 εί
1140 987 1191 1048 καὶ
1213 986 1417 1070 μεμόρφωται

299 1086 377 1150 κατὰ
405 1085 477 1154 τοὺς
502 1086 648 1159 δούλους,
680 1089 801 1168 πνεῦμα
829 1086 891 1161 ὥν,
920 1085 1018 1148 εἶκαὶ
1038 1085 1111 1169 σάρΕ
1132 1084 1209 1148 κατὰ
1230 1085 1282 1166 τὴν
1307 1083 1415 1145 ἕνωσιν

267 1189 355 1268 δτῇς
387 1185 500 1266 σαρκὸς
533 1182 766 1257 ἀποδέδεικται,
804 1181 860 1245 οῦκ
892 1181 1055 1266 ἄνθρωπος
1083 1183 1125 1245 ὢν
1156 1181 1234 1246 κατὰ
1262 1181 1313 1243 τὸν
1343 1178 1416 1241 ἀπό·
1506 1209 1508 1212 ·

303 1283 426 1357 στολυν,
459 1279 486 1341 εί
511 1281 563 1341 καὶ
590 1279 753 1362 ἄνθρωπος
780 1280 838 1342 ὑπὸ
866 1285 921 1342 τοῦ
947 1279 1042 1343 αὐτοῦ
1065 1280 1267 1363 κηρόσσεται,
1294 1277 1346 1340 καὶ
1368 1277 1416 1355 (τὸ

288 1378 374 1442 Ιὅλον
408 1378 518 1458 εἰπεῖν)
551 1376 683 1461 ἀόρατος
715 1377 789 1446 θεὸς
823 1378 927 1461 ὁρατῷ
962 1379 1080 1460 σώματι
1113 1375 1418 1460 μεταμορφούμενος,

302 1475 439 1543 ἀκτιστος
454 1474 527 1542 θεὸς
542 1477 647 1556 κτιστῇ
661 1476 814 1560 περιβολῇ
827 1474 1068 1558 φανεροῦμενος,
1085 1479 1224 1543 κενώσας
1237 1474 1291 1555 μὲν
1306 1471 1417 1534 ἑαυτὸν

301 1571 379 1635 κατά
398 1572 451 1654 τὴν
476 1570 635 1656 μόρφωσιν
658 1572 813 1653 [δοῦλου],
837 1568 992 1638 ἀκένωτος
1013 1573 1115 1636 δὲκαὶ
1135 1571 1346 1638 ἀναλλοίωτος
1366 1571 1419 1632 καί

252 1683 286 1736 10
304 1670 513 1737 ἀνελάττωτος
539 1666 617 1730 κατὰ
645 1670 698 1752 τὴν
729 1668 816 1731 θείαν
847 1667 954 1730 οῦσίαν
989 1668 1137 1753 (οὐδεμία
1165 1663 1223 1754 γὰρ
1252 1667 1419 1736 ἀλλοίωσις

302 1768 372 1851 περὶ
400 1767 485 1830 θείαν
519 1766 622 1850 ιρόσιν)
651 1765 726 1830 οῦδὲ
755 1757 935 1852 ἐλατιογῦταὶ
966 1764 1040 1828 οὐδὲ
1069 1767 1240 1839 αὐξάνεται.
1285 1765 1337 1828 καὶ
1367 1764 1418 1827 ὅτε

303 1865 386 1949 λέγει
414 1863 564 1943 ,δόξασόν
590 1872 661 1948 με“,
692 1864 752 1928 ἀπθ
782 1867 926 1947 σώματος
953 1863 973 1945 ἡ
1001 1865 1089 1948 ρωνὴ
1119 1866 1170 1928 καὶ
1192 1865 1262 1949 περὶ
1285 1866 1377 1946 σῶμα
1401 1864 1417 1926 ὅ

303 1960 464 2044 δοξασμός,
489 1961 537 2024 ἐπὶ
558 1967 612 2025 τοῦ
636 1961 712 2025 ὅλου
734 1960 910 2044 λεγόμενος,
936 1959 1012 2022 διότι
1032 1962 1065 2024 τὸ
1086 1962 1158 2024 ὅλον
1182 1961 1261 2024 ἐστὶν
1282 1961 1324 2024 ἕν.
1368 1961 1419 2023 καὶ

301 2061 392 2122 πάλιν
416 2058 538 2141 ἐπάγων
560 2063 618 2142 ,τῇ
639 2057 713 2141 δόξη
736 2054 758 2143 η’
783 2056 867 2141 εἶχον
888 2057 947 2140 πρὸ
969 2061 1023 2119 τοῦ
1043 2059 1093 2120 τὸν
1115 2057 1230 2142 κόσμον
1245 2056 1420 2141 εἶναιπαρὰ

252 2171 286 2224 15
304 2157 385 2232 σοί“,
418 2157 472 2238 τὴν
503 2153 626 2226 ἔνδοξον
658 2156 707 2218 ἀεὶ
735 2154 869 2238 θεότητα
901 2154 1006 2236 δηλοῖ,
1043 2155 1070 2216 εἰ
1099 2156 1150 2218 καὶ
1182 2155 1266 2224 ἰδίως
1296 2154 1421 2238 θεότητι

302 2255 452 2338 προσήκει
468 2258 577 2329 τοῦτο,
604 2251 703 2314 καίτοι
723 2256 833 2319 κοινῶς
852 2251 902 2314 ἐπὶ
924 2255 978 2314 τοῦ
1002 2251 1078 2314 ὅλου
1102 2251 1206 2336 ῥηθέν.
1249 2253 1349 2321 οὕτως
1369 2252 1420 2315 καὶ

303 2351 370 2435 θεῷ
398 2349 564 2434 όμοοόσιος
590 2348 667 2412 κατὰ
691 2350 725 2412 τὸ
748 2353 870 2431 πνεῦμα
893 2349 926 2411 τὸ
952 2346 1101 2432 ἀόρατον,
1134 2350 1420 2434 συμπεριλαμβανο-

305 2447 398 2531 μένης
419 2445 464 2532 τῷ
486 2443 613 2529 όνόρατι
632 2448 687 2509 καί
709 2450 762 2528 τῆς
786 2445 914 2529 σαρκός,
947 2445 993 2508 ὅτι
1014 2448 1091 2530 πρὸς
1113 2447 1164 2510 τόν
1189 2446 1354 2530 όροοόσιον
1376 2451 1421 2532 τῷ

303 2548 394 2630 πατρὶ
415 2545 505 2626 λόγον
527 2545 659 2626 ἥνωται,
686 2542 737 2605 καὶ
755 2542 846 2603 πάλιν
868 2543 1044 2627 ἀνθρώποις
1068 2545 1251 2630 ὁμοοόσιος,
1276 2565 1420 2628 numm.

253 2653 288 2707 ⁹⁰
307 2640 543 2730 λαμβανομένης
568 2641 620 2703 καὶ
645 2644 709 2723 τῆς,
725 2638 872 2723 θεότητος
896 2646 940 2726 τῷ
963 2643 1099 2725 σώματι,
1132 2643 1178 2706 ὅτι
1196 2645 1273 2726 πρὸς
1292 2643 1326 2706 τὸ
1347 2643 1420 2726 ἡμῖν

305 2741 471 2827 όμοοόσιον
494 2737 620 2822 ἡνιόθη,
649 2737 706 2800 οόκ
729 2736 954 2822 ἐλαττουμένης
976 2744 1029 2824 τῆς
1052 2745 1106 2802 τοῦ
1130 2743 1274 2822 σώματος
1297 2738 1422 2824 φύσεως

305 2843 336 2906 ἐν
366 2845 405 2925 τῇ
433 2838 509 2921 πρὸς
536 2837 586 2899 τδν
616 2836 688 2900 θεόν
719 2835 879 2921 όμοουσίιρ
906 2837 1015 2900 ἐνόσει
1042 2838 1093 2900 καὶ
1122 2843 1161 2922 τῇ
1189 2837 1334 2922 κοινωνίᾳ
1364 2843 1420 2902 τοῦ

305 2936 475 3022 ὅμοουσίου
510 2933 676 3016 ὀνόματος,
720 2935 824 3017 ὥσπερ
857 2933 931 2997 οὐδὲ
968 2937 987 3018 ἡ
1022 2939 1075 3018 τῆς
1100 2934 1247 3019 θεότητος
1271 2934 1422 3019 ἤλλακται

306 3035 395 3119 ρόσις
417 3032 449 3094 ἐν
468 3055 504 3114 τη
524 3031 669 3114 κοινωνία
686 3035 741 3093 τοῦ
762 3030 958 3114 ἀνθρωπείου
983 3033 1127 3114 σώματος
1143 3034 1194 3095 καὶ
1211 3038 1250 3116 τη
1270 3032 1422 3115 ὀνομασία

253 3136 359 3213 M<
384 3132 457 3213 ἡμῖν
487 3129 656 3212 όμοουσίου
686 3125 807 3211 σαρκός.
853 3129 904 3190 καὶ
932 3127 989 3212 γὰρ
1020 3130 1035 3192 ό
1065 3127 1188 3198 Παῦλος
1217 3127 1315 3210 λέγων
1347 3132 1421 3205 ,τοῦ

304 3227 472 3312 γενομένου
502 3226 537 3288 ἐκ
565 3224 738 3309 σπέρματος
765 3225 863 3309 Δαβὶδ
891 3225 969 3290 κατὰ
1001 3227 1131 3310 σοίριια“,
1161 3227 1212 3289 τὸν
1240 3227 1305 3288 υίθν
1338 3224 1421 3288 εἶπεν

304 3331 359 3389 τοῦ
381 3326 458 3388 θεοῦ
482 3324 535 3406 τὴν
558 3323 694 3406 γέννησιν
717 3322 828 3406 ταότην
853 3321 1063 3407 ἀναδεδέχθαι
1081 3325 1132 3387 καὶ
1154 3323 1225 3408 οὐχὶ
1247 3324 1300 3406 την
1322 3324 1422 3408 σάρκα

305 3423 401 3509 χωρὶς
427 3420 583 3504 ὀνομάσας
610 3419 730 3504 εἴρηκεν
753 3419 796 3484 Ἣ
822 3420 895 3505 σὰρξ
919 3420 1038 3504 ἐγένετο
1064 3420 1098 3483 ἐκ
1122 3419 1294 3505 σπέρματος
1313 3420 1422 3508 Δαβίδ.

306 3520 357 3582 καὶ
377 3518 428 3581 ὅτε
447 3516 530 3600 λέγει
555 3522 663 3594 ,τοῦτο
687 3518 862 3603 φρονείσθω
885 3517 915 3580 ἐν
937 3518 1006 3601 ὑμῖν
1027 3517 1043 3580 ὃ
1062 3517 1163 3580 καὶέν
1184 3515 1422 3603 χριστῷἸηοοῦ,

255 3629 291 3683 30
309 3614 343 3683 ὃς
370 3614 401 3677 ἐν
429 3618 536 3698 μορφῇ
562 3614 639 3677 θεοῦ
669 3614 815 3700 ὑπάρχων
842 3614 904 3700 οὐχ
930 3615 1089 3699 ἁρπαγμὸν
1119 3616 1256 3699 ἡγήσατο
1283 3615 1317 3680 τὸ
1345 3614 1423 3680 εἶναι

138 3726 143 3734 ’
308 3711 360 3774 ἴσα
382 3711 481 3797 θεῷ“,
506 3710 543 3772 οῦ
568 3711 707 3795 χωρίσας
732 3710 815 3774 εἶπεν
840 3708 886 3776 Οῦ
910 3710 1059 3794 ἡθεότης
1083 3712 1113 3775 ἐν
1135 3717 1243 3798 μορφῇ
1262 3713 1339 3778 θεοῦ
1363 3713 1423 3800 οῦχ

308 3809 467 3891 ἁρπαγμὸν
496 3809 633 3890 ἡγήσατο
663 3810 697 3872 τ“ο
725 3807 803 3871 εἶναι
835 3810 887 3874 ίσα
917 3810 1000 3895 θεῷ,
1033 3810 1132 3873 καίτοι
1161 3811 1180 3893 ἡ
1210 3809 1322 3894 θεότης
1351 3810 1423 3874 οὔτε

303 3903 423 3987 Ἰησοῦς
452 3905 631 3988 ὠνόμασται
657 3907 716 3988 πρὸ
745 3912 799 3990 τῆς
828 3908 863 3970 ἐκ
888 3905 1045 3991 παρθένου
1072 3907 1245 3990 γεννήσεως
1274 3906 1345 3970 οὔτε
1368 3908 1422 3991 τὴν

309 4002 340 4064 ἐν
370 4002 446 4087 ἁγίῳ
469 4001 617 4085 πνεόματι
639 4004 737 4087 χρίσιν
761 4003 911 4090 ἔσχηκεν,
944 4004 989 4067 ὅτι
1013 4006 1106 4089 δοτὴρ
1130 4009 1184 4068 τοῦ
1208 4004 1422 4087 πνεόματοςό

257 4113 291 4168 35
309 4104 362 4163 τοῦ
386 4099 461 4163 θεοῦ
484 4098 584 4180 λόγος,
609 4099 669 4184 οὐχ
691 4101 892 4186 ἁγιαζόμενος
914 4101 945 4163 ἐν
968 4102 1125 4186 πνεόματι.
1170 4101 1221 4164 καὶ
1241 4100 1325 4184 λέγει
1346 4102 1422 4186 ὑπὲρ

309 4195 409 4258 αὐτῶν
433 4195 514 4278 ,ἐγὼ
536 4197 651 4280 ἁγιάζω
676 4196 819 4280 ἐμαυτόν,
840 4200 890 4262 ίνα
913 4200 986 4262 ὦσιν
1008 4199 1094 4263 αὐτοὶ
1106 4199 1288 4284 ἡγιασμένοι
1303 4199 1334 4262 ἐν
1349 4201 1423 4282 ἀλη-

308 4293 411 4376 θείορ“,
433 4293 471 4356 οῦ
491 4295 645 4378 χωρίζων,
664 4296 715 4358 καὶ
738 4294 835 4378 λέγων
847 4295 985 4380 (Αγιοίζω
1008 4295 1151 4380 ἐμαυτόν,
1174 4297 1273 4360 καίτοι
1291 4301 1335 4382 τῷ
1355 4317 1423 4359 σκο-

308 4395 416 4453 ποῦντι
435 4391 510 4474 μετὰ
530 4392 687 4479 ἀκριβείας
705 4391 742 4455 οῦ
763 4394 891 4458 δυνατὸν
912 4393 1003 4457 αὐτὸν
1024 4393 1076 4478 ὑφ’
1098 4394 1211 4457 ἑαυτοῦ
1230 4393 1424 4476 ἁγιάζεσθαι.

311 4483 383 4574 [Ὶβ]
407 4488 435 4551 εί
455 4488 513 4575 γὰρ
537 4489 610 4559 ὅλος
631 4490 759 4573 ἁγιάζει,
779 4490 809 4554 τί
827 4492 861 4554 τδ
884 4487 1102 4575 ἀγιαζόμενονς
1124 4489 1151 4552 εί
1175 4489 1328 4574 ὁσόμπας
1341 4490 1423 4574 ἁγιά-
