3517 5434
322 729 374 779 cap.
395 711 420 762 4.
784 703 803 775 ἢ
819 703 917 777 μονάς.
1343 709 1378 762 35

321 887 394 943 πον,
415 866 500 943 ζῶον
521 857 710 940 ἀθάνατον,
732 861 816 940 ζῶον
837 856 978 942 θνητόν.
1001 861 1057 926 καὶ
1073 857 1092 926 ὁ
1108 862 1169 944 μὲν
1191 855 1374 948 ἄνθρωπος

322 978 388 1042 τῶν
408 970 498 1054 ζώων
519 975 718 1040 ἐπλεονέκτει
738 976 795 1040 καὶ
816 974 875 1040 τοῦ
897 969 1024 1057 κόσμου
1046 967 1101 1038 διά
1123 967 1299 1056 τὸνλόγον
1322 977 1379 1042 καὶ

289 1083 381 1152 θεὸν
409 1085 498 1151 νοῦν.
540 1078 669 1165 θεατὴς
689 1079 754 1172 γάρ
777 1088 902 1169 ἐγένετο
925 1085 998 1150 ’τῶν
1025 1087 1127 1172 ἔργων
1156 1087 1216 1150 τοῦ
1245 1086 1331 1151 θεοῦ
1359 1083 1379 1152 ὁ

323 1192 520 1284 ἄνθρωπος,
547 1198 604 1261 καί
626 1191 815 1279 ἐθαύμασε,
842 1197 900 1261 καὶ
922 1192 1075 1285 ἐγνώρισε
1098 1189 1157 1262 τδν
1179 1192 1378 1278 ποιήσαντα.

322 1301 382 1373 τὸν
402 1309 463 1392 μὲν
484 1296 544 1374 οὖν
557 1301 667 1390 λόγον,
689 1298 716 1372 ὦ
737 1303 814 1386 Τάτ,
835 1312 871 1373 ἐν
893 1307 976 1374 πάσι
998 1318 1067 1384 τοῖς
1089 1303 1285 1398 ἀνθρώποις
1306 1315 1378 1396 λμέ-
1401 1317 1421 1387 3

289 1435 304 1486 6
323 1440 402 1506 ρισε,
423 1412 483 1484 τὸν
503 1419 539 1484 δὲ
559 1419 640 1486 νοῦν
663 1415 779 1497 οὐκέτι,
801 1414 841 1483 οῦ
863 1419 1007 1508 φθονῶν
1030 1420 1131 1486 τισίν·
1155 1417 1173 1486 ὁ
1196 1415 1261 1507 γάρ
1285 1419 1380 1511 φθό-

323 1553 381 1607 νος
403 1527 462 1595 οὐκ
484 1530 585 1595 ίνθεν
607 1531 742 1615 ἔρχεται,
763 1524 852 1594 κάτω
868 1530 903 1596 δὲ
918 1532 1112 1597 συνίσταται
1132 1540 1206 1610 ταῖς
1221 1536 1286 1600 τῶν
1300 1535 1381 1601 νοῦν
1402 1590 1404 1594 ,

323 1634 370 1726 μὴ
393 1636 535 1726 ἐχόντων
557 1636 748 1728 ἀνθρώπων
770 1648 903 1730 ψυχαῖς.
1210 1627 1216 1633 “

290 1769 306 1819 o
396 1748 487 1818 Τάτ.
532 1746 595 1819 Art
623 1753 656 1818 τί
677 1742 753 1832 οὖν,
781 1740 948 1840 ὦπάτερ,
977 1749 1018 1819 οὐ
1046 1755 1148 1820 πᾶσιν
1170 1757 1297 1844 ἐμέρισε
1319 1753 1380 1824 τὸν

325 1865 405 1929 νοῦν
427 1861 447 1928 ὁ
469 1858 571 1946 θεόςς

394 1971 544 2059 Ἑρμῆς.
591 1971 785 2052 Ὴθέλησεν,
807 1963 833 2038 ὦ
854 1975 978 2053 τέκνον,
1000 1975 1119 2043 τοῦτον
1141 1981 1177 2043 ἐν
1197 1980 1286 2063 μέσῳ
1308 1987 1381 2057 ταῖς

275 2100 307 2162 12
325 2093 448 2176 ψυχαῖς
470 2080 577 2170 ὥσπερ
600 2070 721 2150 ἆθλον·
736 2085 907 2172 ἱδρῦσθαι.

396 2193 487 2262 Τάτ.
532 2197 605 2262 Καὶ
626 2195 692 2260 ποῦ
713 2189 816 2262 αὐτὸν
837 2191 1015 2283 ίδράσατος
1406 2210 1428 2275 4

391 2306 538 2396 Ἑρμῆς.
565 2308 732 2410 Κρατῆρα
745 2311 852 2392 μέγαν
865 2303 1044 2396 πληρώσας
1058 2303 1177 2374 τοῦτου
1191 2313 1379 2399 κατέπεμψε
1416 2345 1445 2358 ·»

261 2434 307 2496 415
324 2413 401 2496 δοὺς
421 2415 561 2506 κήρυκα,
589 2421 646 2485 καὶ
674 2420 838 2484 ἐκέλευσεν
865 2417 955 2504 αὐτῷ
977 2415 1116 2507 κηρύξαι
1137 2428 1211 2496 ταῖς
1233 2424 1298 2487 τῶν
1320 2421 1379 2490 άν-

323 2527 470 2618 θριίπων
495 2532 648 2619 καρδίαις
673 2526 770 2596 τάδε·
796 2525 963 2636 βάπτισον
992 2526 1134 2611 σεαυτὴν
1163 2529 1183 2611 ἡ
1215 2533 1379 2616 δυναμένη
1417 2579 1453 2594 μ

397 2733 423 2783 l.
441 2729 508 2796 ζῶου
525 2727 672 2784 ἀθανάτου
692 2733 715 2782 Α
733 2732 812 2783 Turn.
832 2732 913 2784 Floro.
933 2727 947 2800 [Ι
1003 2727 1160 2804 ἄνθρωπος]
1180 2732 1215 2785 sic
1233 2731 1312 2793 Patr⁸¹
1330 2731 1378 2784 κό-

396 2837 463 2886 σμος
480 2816 581 2884 reliqui.
615 2816 641 2866 2.
659 2830 716 2886 post
733 2819 893 2870 ίιιλεονίιιτει
910 2817 970 2870 libri
988 2820 1045 2871 add.
1064 2815 1113 2870 τοῦ
1127 2816 1202 2882 ξῦον,
1220 2840 1271 2872 om.
1285 2819 1350 2870 Patr.
1366 2812 1380 2887 ΙΙ

396 2900 452 2967 διὰ]
471 2901 506 2951 sio
524 2901 600 2961 Poto,
617 2919 669 2950 om.
687 2899 788 2966 reliqui.
823 2900 848 2952 3.
860 2903 913 2954 τοῦ
928 2906 1003 2972 ἔργον
1022 2904 1077 2955 ΑΒ.
1114 2905 1137 2955 7.
1157 2900 1268 2974 ἄρχεται
1279 2905 1358 2955 Turn.
1369 2899 1381 2971 Η

395 2984 457 3052 τῶν]
476 2985 523 3037 τὸν
540 2983 595 3034 ΑΒ.
668 2981 835 3049 11.“τοῦτον]
854 2983 958 3038 τούτων
977 2988 1000 3038 A
1019 2987 1099 3038 Turn.
1171 2987 1213 3038 14.
1232 2985 1326 3056 μέγαν]
1346 2988 1381 3040 sic

399 3073 453 3135 ΑΒ,
471 3076 518 3141 μιν
535 3069 588 3140 μὰρ
607 3068 788 3120 Tarutius.
806 3074 853 3139 μιν
871 3070 938 3122 Patr.
993 3070 1034 3124 16.
1054 3067 1186 3142 καρδίαις]
1205 3081 1303 3140 ψυχαῖς
1315 3075 1380 3126 Patr.

326 3237 416 3283 natum
436 3235 526 3281 tamen
555 3224 640 3280 divini
659 3225 781 3301 corporis
805 3223 914 3280 demisit
938 3225 1087 3293 hominem,
1113 3227 1210 3284 animal
1233 3229 1383 3285 immortale

326 3313 423 3395 animal
436 3311 557 3368 mortale.
589 3321 616 3366 et
634 3311 715 3366 homo
733 3309 841 3386 quidem
859 3311 1017 3367 animalibus
1037 3322 1064 3367 ει
1086 3312 1185 3368 mundo
1209 3313 1272 3390 plus
1289 3314 1383 3372 habuit

326 3400 361 3456 ob
379 3419 527 3455 sermonem
541 3407 567 3453 et
579 3407 702 3454 mentem.
727 3406 864 3472 spectator
876 3399 946 3452 enim
958 3395 1043 3454 lactus
1057 3407 1099 3454 εει
1111 3417 1222 3475 operum
1235 3399 1279 3456 dei
1293 3399 1381 3470 homo,

326 3496 353 3542 et
370 3486 517 3542 admiratus
536 3494 590 3552 εει,
610 3494 638 3540 et
655 3485 782 3559 cognovit
802 3482 939 3562 faetorem.
970 3503 1119 3541 sermonem
1143 3484 1266 3560 quidem,
1285 3508 1301 3542 o
1321 3487 1381 3556 Tot,

326 3575 354 3627 iu
373 3591 464 3628 omnes
482 3571 606 3628 homines
623 3572 740 3648 partitus
759 3578 813 3636 eet,
833 3579 949 3626 mentem
968 3579 1055 3626 autom
1074 3590 1252 3648 nequaquam,
1271 3593 1326 3629 non
1344 3576 1382 3630 iu-

326 3657 421 3714 videus
440 3658 588 3734 aliquibus;
607 3656 707 3713 invidia
726 3657 797 3710 enim
815 3675 869 3710 non
888 3655 1055 3724 indormit,
1074 3656 1124 3724 sed
1142 3655 1186 3712 hio
1204 3658 1337 3715 conflatur
1355 3661 1382 3715 in

327 3745 422 3798 animis
439 3741 576 3799 hominum
594 3752 683 3798 mente
701 3741 861 3796 carentibus.

381 3827 449 3884 Τει.
487 3829 575 3902 Quem
597 3827 632 3882 ob
654 3845 789 3891 caussam,
813 3845 831 3880 o
853 3836 943 3904 pater,
970 3848 1025 3884 uon
1050 3825 1176 3885 omnibus
1198 3832 1313 3907 partitus
1341 3841 1382 3888 est

325 3925 442 3972 mentem
460 3913 544 3970 deus?

380 4001 524 4058 Hermes.
555 3998 657 4066 Voluit,
675 3997 759 4065 ofili,
778 3997 847 4054 hanc
865 4000 894 4054 in
912 3997 1000 4054 medio
1019 3999 1104 4056 veluti
1122 4002 1268 4078 praemium
1286 4002 1381 4058 animis

328 4109 488 4166 proponere.

379 4175 448 4230 Tat.
484 4173 522 4228 Et
539 4173 585 4230 ubi
603 4191 659 4228 eam
678 4173 839 4250 proposuit?

381 4259 524 4314 Hermes.
555 4258 694 4316 Craterem
712 4277 833 4332 maguum
850 4257 960 4336 replens
979 4257 1105 4336 deorsum
1123 4261 1195 4316 misit
1212 4278 1380 4336 praeconem,

329 4353 356 4399 et
373 4343 452 4400 iussit
475 4365 534 4400 eum
552 4347 696 4422 praeconio
719 4343 827 4400 edicere
848 4343 987 4401 animabus
1010 4344 1132 4401 humanis
1154 4344 1232 4400 haee:
1255 4346 1381 4420 immerge

328 4439 355 4484 te
373 4431 458 4506 ipsam
477 4449 545 4504 quae
562 4440 641 4506 poteo
660 4433 688 4487 in
706 4430 778 4486 huuc
796 4441 934 4498 craterem,
955 4441 981 4488 et
1000 4451 1067 4507 quae
1086 4429 1173 4486 eredis
1192 4440 1218 4484 te
1237 4428 1382 4485 redituram

1137 4522 1181 4588 3²1⁸
