3517 5434
861 670 902 738 2⁷

327 840 404 924 μετὰ
434 839 554 909 τελείας
579 841 747 925 ἐπιστήμης
770 843 822 906 τδν
852 842 918 926 βίον
944 841 1059 926 όδεόη,
1093 839 1173 904 ἀλλά
1201 841 1252 904 καὶ
1275 839 1443 925 αύτουργὸς

326 941 387 1002 τῶν.
409 943 463 1022 τῆς
481 938 593 1022 ἀρετῆς
615 939 866 1023 κατορθωμάτων
890 939 1025 1024 ύπάρχη.
1070 938 1233 1022 ἄνθρωπος
1259 939 1358 1002 τοίνυν
1380 939 1442 1002 ἀδι·

325 1040 388 1100 κῶν
418 1036 602 1120 ἁμαρτάνειν
633 1035 807 1118 ἐγκαλεῖται
838 1037 973 1123 δικαίως.
1018 1035 1122 1120 εἰμὲν
1147 1033 1204 1118 γάρ
1233 1037 1358 1120 πράττει
1387 1037 1441 1120 τὴν

326 1132 476 1216 ἁμαρτίαν
499 1132 537 1195 ού
561 1134 730 1217 δυνάμενος
751 1134 947 1220 ἀποσχέσθαι
966 1133 1085 1218 ταύτης,
1105 1133 1210 1196 ἄδικον
1227 1131 1374 1216 ὑπομένει
1389 1134 1443 1217 την

327 1229 457 1315 μέμψιν·
480 1231 508 1292 εἰ
527 1229 574 1310 δέ,
596 1229 663 1300 ἐξὸν
684 1232 726 1315 μὴ
749 1236 861 1311 ποιεῖν,
884 1231 1057 1295 τούναντίον
1080 1235 1173 1306 ποιεῖ,
1191 1233 1239 1298 ιὼς
1258 1231 1371 1294 ἀδικῶν
1394 1231 1440 1296 εύ·
1457 1239 1495 1320 ό,

326 1325 426 1410 λόγως
452 1326 634 1409 ἐγκαλεῖται.
677 1330 729 1391 καὶ
750 1331 855 1398 καλῶς
874 1351 910 1411 γε
931 1327 1013 1412 λόγῳ
1042 1328 1233 1412 ἐγκλήματος
1255 1328 1274 1410 ἡ
1308 1327 1441 1412 ἁμαρτία

326 1419 465 1488 καλεῖται
486 1425 571 1509 παρά
598 1425 688 1509 λόγον
713 1423 754 1513 (ᾧ
770 1447 805 1508 γε
832 1427 961 1489 δυνατόν
983 1425 1046 1490 ἐστι
1067 1425 1245 1511 χρήσασθαι
1266 1429 1442 1512 πανταχοῦ)

325 1521 529 1606 τραπομένη,
550 1527 593 1592 ὡς
612 1522 691 1587 εἶναι
709 1523 860 1608 ἁμαρτίαν
881 1527 943 1586 πᾶν
961 1523 994 1586 τδ
1016 1522 1101 1608 παρά
1116 1520 1208 1605 λόγον
1222 1522 1442 1607 πραττόμενον,

270 1670 275 1680 ,
327 1619 355 1681 εί
374 1620 425 1682 καὶ
454 1620 490 1683 ἐκ
518 1624 579 1684 τῶν
608 1621 685 1685 κατά
716 1621 805 1707 φύσιν
836 1623 988 1707 λαμβάνει
1016 1621 1069 1704 τήν
1098 1620 1252 1705 ἀφορμήν.
1298 1621 1442 1705 τῶνγὰρ

325 1715 404 1779 κατά
430 1716 520 1801 φύσιν
550 1719 570 1800 ἡ
597 1719 758 1801 ἀλόγιστος
783 1723 892 1803 χρῆσις
918 1717 1075 1800 ποιεῖτὴν
1099 1717 1265 1800 ἁμαρτίαν,
1295 1716 1386 1800 λόγος
1407 1717 1442 1782 δὲ
1461 1730 1494 1784 10

327 1812 359 1875 ἐν
393 1815 466 1896 ἡμῖν
501 1815 716 1899 δοκιμαστικδς
744 1822 810 1879 τῶν
843 1814 920 1878 κατά
963 1815 1069 1899 φύσιν,
1116 1814 1188 1878 ύθεν
1226 1815 1263 1878 ού
1299 1815 1443 1879 λανθάνει

325 1910 529 1994 τραπομένη.
586 1912 614 1975 εἰ
642 1912 696 1995 μὲν
724 1913 824 1976 τοίνυν
851 1914 928 1997 πρὸς
957 1911 1084 1994 ἄσκησιν
1120 1911 1231 1995 ἀρετῆς
1263 1913 1314 1976 τδν
1351 1909 1442 1995 λόγον

327 2009 583 2093 διαγυμνάξοιμεν
612 2010 664 2072 τδν
691 2010 724 2073 ἀν
753 2012 827 2093 ἡμῖν
850 2011 955 2094 ὥσπερ
978 2014 1080 2092 σῶμα,
1101 2013 1140 2092 τῇ
1165 2007 1307 2094 εύμέτριρ
1327 2010 1444 2093 κινήσει

327 2105 396 2188 ὑγιῆ
416 2107 468 2169 καὶ
489 2105 644 2190 εὔρωστον
673 2112 781 2171 τοῦτον
809 2105 1065 2192 ἀπεργαζόμεθα·
1098 2107 1125 2170 εἰ
1148 2107 1182 2170 δὲ
1204 2107 1373 2190 γυμνασίας
1393 2108 1444 2172 καί

326 2203 503 2286 ἐπιμελείας
523 2209 631 2268 τοῦτον
660 2206 702 2290 μὴ
731 2206 885 2290 ἀξιοῖμεν,
916 2205 1056 2268 ἀσθενῶν
1088 2195 1300 2290 ἀμαυρότερος
1330 2205 1444 2288 γίνεται
1461 2212 1494 2268 τό

324 2302 376 2364 καὶ
404 2300 494 2371 τέλος
522 2302 736 2386 ἀμελούμενος
761 2308 924 2387 πηροῦται.
959 2303 1013 2388 ἐφ’
1037 2303 1109 2386 ἡμῖν
1138 2303 1173 2365 δὲ
1200 2303 1442 2386 τυγχάνει-παν·

326 2402 423 2483 ταχοῦ
454 2394 608 2484 λόγωτῷ
637 2400 669 2462 ἐν
696 2401 769 2484 ἡμῖν
799 2399 989 2486 κεχρῆσθαι,
1023 2402 1126 2484 ὥσπερ
1156 2401 1185 2462 οἱ
1216 2399 1269 2482 τὴν
1291 2399 1443 2482 οἰκοδομι·

326 2497 383 2580 κὴν
401 2496 554 2580 μετιόντες
574 2503 619 2583 τιγῖ
637 2501 781 2580 γνώμονι,
803 2497 879 2581 πρὸς
896 2498 949 2580 τὴν
962 2498 1072 2582 ἀρετῆς
1086 2497 1252 2582 ἀκρίβειαν,
1267 2497 1318 2560 καί
1336 2501 1442 2561 τοῦτον

325 2599 482 2678 γεωργεῖν,
505 2597 610 2680 ὥσπερ
621 2600 660 2678 τῇ
670 2600 711 2679 γη
724 2594 761 2657 τά
773 2593 1069 2681 καταβαλ[λ]όμενα
1089 2593 1258 2677 σπέρματα,
1268 2595 1350 2679 1άπερ
1365 2594 1443 2658 ἐττει·

329 2691 384 2754 δάν
412 2692 559 2776 ἀμεληθῇ
595 2692 819 2776 διαφθείρεται.
891 2691 922 2763 4.
965 2691 1098 2754 ἐνταῦθα
1132 2691 1169 2775 δὴ
1203 2691 1237 2754 τδ
1267 2693 1441 2778 ἀμφίβολον
1458 2703 1495 2758 w

330 2788 495 2852 ἀνακόπτει
526 2793 580 2871 τῆς
602 2791 768 2872 ζητήσεως.
816 2789 896 2857 τίνος
917 2790 1005 2874 χάριν
1036 2787 1080 2874 τῷ
1099 2811 1134 2870 γε
1155 2788 1293 2873 τοσούτῳ
1315 2789 1445 2876 κινδύνῳ

328 2885 605 2971 παραβεβλήμεθα,
628 2885 679 2970 ἐφ’
704 2886 827 2954 ἑαυτοῖς
849 2884 972 2970 ἔχοντες
993 2886 1026 2948 τὸ
1052 2883 1234 2955 σπουδάζειν
1255 2887 1305 2948 καὶ
1329 2888 1381 2970 μή,
1403 2891 1446 2956 ὡς

329 2982 371 3066 μὴ
392 2984 513 3052 πάντως
536 2981 673 3066 ἀγαθούς
695 2983 925 3058 ἀποτελεῖσθαι,
951 2983 1022 3046 ἀλλ’
1042 2983 1061 3067 ἢ
1086 2985 1128 3050 όις
1156 2981 1205 3044 ἐπὶ
1226 2983 1260 3044 τὸ
1287 2983 1366 3046 πολύ
1391 2983 1443 3064 (ού

329 3079 422 3163 μόνον
452 3079 531 3144 ἔστιν
560 3080 627 3162 ύτε)
654 3079 777 3149 κακούς.
826 3083 1007 3164 ἀναγκαῖος,
1036 3079 1096 3166 οὐχ
1119 3079 1226 3148 ἁπλῶς
1248 3078 1443 3164 ὠφέλιμοςό

326 3178 474 3255 κίνδυνος,
498 3179 612 3241 ἐπείτοι
630 3183 685 3240 τοῦ
706 3180 819 3247 παντὸς
840 3179 1059 3262 διαμάρτοιμεν
1074 3175 1120 3248 ἀν.
1158 3177 1186 3240 εί
1201 3176 1258 3261 γάρ
1274 3179 1439 3263 πεποίηκεν
1459 3191 1494 3246 25

173 3289 179 3302 '
299 3347 302 3351 ἵ
326 3277 409 3360 ἡμᾶς
429 3279 446 3342 ό
470 3276 544 3346 θεὸς
562 3276 732 3343 ἀδυνάτους
751 3277 849 3360 πάντη
871 3277 948 3360 πρὸς
968 3275 1128 3359 ἁμαρτίαν,
1151 3273 1208 3336 οὐκ
1228 3272 1263 3336 ἀν
1275 3272 1443 3360 γεγόναμεν

328 3375 452 3458 ἀγαθοί.
498 3375 617 3458 ἀγαθὸς
646 3373 701 3456 μὲν
730 3371 788 3456 γάρ
818 3372 849 3434 ἐν
879 3373 1056 3458 ἀνθρώποις
1083 3372 1099 3435 ὁ
1122 3370 1238 3440 δίκαιός
1260 3393 1292 3434 τε
1312 3373 1363 3436 καὶ
1384 3377 1443 3438 σύ·

328 3493 433 3556 φρων,
464 3472 659 3557 ἀπεχόμενος
689 3470 725 3533 δὲ
753 3473 808 3553 τῆς
836 3471 956 3540 ἀδικίας
976 3471 1090 3555 γίνεται
1114 3470 1231 3540 δίκαιος
1246 3471 1297 3534 καὶ
1321 3471 1443 3556 φεύγων

326 3569 496 3632 ἀκολασίαν
528 3573 662 3653 σώφρων
691 3569 895 3632 ἀποτελεῖται.
938 3569 957 3652 ἡ
985 3568 1084 3632 τοίνυν
1120 3567 1244 3638 ἐξουσία
1269 3573 1328 3633 τῶν
1361 3570 1444 3634 ἀναν·
1488 3600 1491 3605 ·

325 3667 398 3729 τίων
422 3668 476 3749 τὴν
501 3671 605 3749 κτῆσιν
628 3709 756 3729 .......
788 3668 832 3732 ὡς
861 3664 894 3728 εί
915 3687 959 3734 τις
992 3665 1033 3750 μὴ
1060 3665 1091 3728 ἐν
1126 3665 1249 3750 ἐξουσίᾳ
1271 3667 1440 3736 ἀκολασίας
1458 3677 1494 3734 w
1586 3702 1590 3710 -

326 3764 479 3848 τυγχάνει,
508 3765 643 3848 σώφρων
672 3762 730 3826 οὐκ
757 3760 793 3824 ἀν
819 3762 948 3845 γένοιτο.
994 3765 1070 3850 φαίη
1090 3764 1147 3849 γὰρ
1171 3763 1206 3828 ἀν
1228 3785 1272 3834 τις
1304 3762 1357 3832 Τίς
1379 3764 1444 3835 οἶός
1560 3832 1569 3848 ‚

326 3881 360 3923 τε
382 3861 544 3924 ὢνποιεῖν
567 3858 737 3922 ἀκόλαστον
762 3858 799 3922 ού
818 3861 1002 3944 πεποίηκεν,
1027 3861 1064 3924 οδ
1084 3861 1140 3946 γ’ἀρ
1162 3862 1318 3946 ἀδυναμία
1332 3863 1442 3926 ἀκολα-

327 3959 395 4028 σίας
417 3961 503 4021 ποιεῖ
527 3955 731 4042 σωφροσύνην
759 3956 834 4020 οὐδὲ
865 3955 1013 4020 ἀσθένεια
1041 3959 1118 4042 πρὸς
1149 3959 1268 4022 ἀδικίαν
1296 3965 1382 4024 ποιεῖ
1402 3962 1442 4024 δι-

325 4057 501 4140 καιοσύνην,
524 4054 605 4118 ἀλλά
627 4056 661 4118 τδ
685 4053 836 4135 δύνασθαι
855 4054 911 4137 μὲν
931 4054 1083 4137 πράττειν,
1107 4054 1190 4141 λόγιρ
1208 4057 1242 4119 δὲ
1258 4057 1443 4144 ἀπέχεσθαι,

325 4160 415 4218 τοῦτο
445 4155 583 4238 ἡάρετὴ
616 4152 820 4237 σωφροσύνης
846 4173 879 4214 τε
898 4151 950 4214 καὶ
975 4151 1184 4237 δικαιοσύνης,
1222 4155 1274 4216 καὶ
1297 4155 1368 4240 οίιχί
1393 4156 1441 4220 δύ·
1458 4169 1494 4226 35

325 4251 437 4313 νασθαι
468 4251 578 4334 μόνον,
604 4248 685 4312 ἀλλά
707 4251 785 4333 πρδς
805 4253 859 4332 τῆς
883 4247 1007 4333 φύσεως
1032 4248 1236 4334 ἐρεθίζεσθαι,
1257 4251 1306 4314 ίνοι
1329 4273 1372 4319 τις
1391 4253 1443 4316 καὶ

326 4346 447 4431 ἀληθὴς
473 4346 597 4414 ἔπαινος
621 4342 642 4430 γ’]
672 4351 734 4429 τοῦ,
750 4347 791 4430 μὴ
814 4347 954 4430 πράττειν
977 4346 1141 4431 αἱρεῖσθαι.
1187 4347 1263 4431 αύτη
1286 4347 1344 4431 γάρ
1364 4347 1440 4434 μόνη

324 4443 376 4505 καί
395 4443 453 4506 οὐκ
473 4442 564 4526 ἀλλη·
581 4465 624 4512 τις
655 4442 798 4527 εὑρεθείη
827 4442 912 4527 πσρά
942 4444 1119 4528 ἀνθρώποις
1142 4445 1245 4528 ἀρετή.
1294 4444 1367 4508 θεὸν
1387 4447 1441 4529 μδν

323 4538 381 4625 γάρ
405 4537 476 4602 οὔτε
496 4541 645 4624 σώφρονα
667 4541 795 4624 κλητέον
819 4538 891 4604 οὔτε
913 4541 1053 4626 ἀνδρεῖον
1066 4541 1117 4604 καὶ
1133 4540 1170 4604 τά
1184 4546 1310 4608 τοιαῦτα
1322 4541 1441 4623 (ἐπάνω
