3517 5434
336 683 487 742 ΗΠΒ.
877 673 920 734 48

337 839 415 923 πρὸς
446 837 562 922 αἵρεσιν
591 842 646 922 τῆς
672 837 832 922 ἀληθείας.
889 837 997 922 ἐπειδὴ
1027 837 1062 901 δέ
1089 839 1123 900 τὸ
1155 841 1223 921 φῶς
1250 837 1317 900 κατ’
1348 837 1456 902 οῦσίαν

338 935 505 1020 ὑφέστηκε,
529 939 637 1019 σαφῶς
660 935 722 1021 ἀρα
739 935 791 999 καί
811 934 962 1018 ἀλήθειαν
982 935 1134 1018 νομίσειεν
1152 933 1188 997 ἀν
1209 957 1253 1004 τις
1264 933 1331 998 κατ’
1349 935 1455 998 οῦσίαν

338 1033 524 1117 ὑφεστάναι,
553 1031 603 1096 ίνα
626 1037 680 1116 τῆς
709 1033 874 1115 ἀναλογίας
896 1034 1032 1116 σώζηται
1056 1033 1076 1115 ί,
1099 1032 1248 1117 ἀκρίβεια.
1293 1035 1344 1097 καὶ
1368 1035 1398 1096 τί
1416 1035 1454 1118 δή

338 1131 372 1194 τδ
399 1132 520 1193 κωλῦον
548 1129 621 1194 θεὸν
651 1129 877 1214 αύτοαλήθειαν
909 1128 988 1192 εἶναι
1011 1130 1157 1212 ἡγεῖσθαί
1177 1153 1210 1192 τε
1232 1129 1284 1194 καὶ
1307 1132 1455 1214 νομίζειν;

302 1228 367 1290 ύεί
392 1227 450 1310 γὰρ
478 1231 546 1311 φῶς
568 1228 585 1290 ύ
608 1226 681 1296 θεός
710 1230 794 1312 (φῶς
820 1228 855 1290 δὲ
875 1225 1000 1312 νυητύν,
1029 1225 1065 1289 οῦ
1088 1225 1145 1310 γὰρ
1170 1227 1207 1309 δὴ
1230 1225 1367 1310 ύρατύν),
1388 1233 1456 1312 φιῖις

337 1326 432 1407 δῆλον
456 1328 498 1393 ὡς
521 1325 665 1410 ἀλήθεια.
689 1331 757 1409 φῶς
777 1324 835 1409 γάρ
859 1327 966 1409 νοερὸν
991 1324 1081 1388 οὐδὲν
1105 1323 1182 1388 ἀλλο
1203 1325 1281 1407 πλὴν
1296 1325 1455 1409 ἀληθείας,

338 1422 424 1506 ὅμως
446 1423 482 1484 δὲ
494 1428 563 1508 φῶς
576 1446 610 1486 τε
622 1424 673 1486 καλ
695 1421 907 1506 αῦτοαλήθεια
928 1421 1086 1505 τυγχάνων
1101 1422 1117 1485 ύ
1130 1423 1204 1491 θεὸς
1225 1421 1281 1486 οῦκ
1301 1423 1455 1508 ἀδυναμίη

337 1519 472 1604 ψεύδους
498 1519 665 1605 ἀπέχεται,
697 1518 778 1582 ἀλλά
808 1520 849 1602 μὴ
878 1517 1068 1604 βουλόμενος
1099 1519 1278 1604 ψεύσασθαί
1295 1543 1380 1582 ποτε.
1427 1523 1455 1583 εἰ

338 1616 373 1680 δέ
400 1642 435 1700 γε
463 1619 505 1702 μὴ
526 1614 726 1696 δύναται(ού
747 1616 806 1701 γὰρ
828 1616 943 1682 ἄτοπον
966 1617 1092 1699 εἰπεῖν),
1121 1617 1227 1700 ἐπειδή
1248 1639 1283 1700 γε
1304 1616 1454 1682 οὐδέποτε

287 1729 321 1784 1⁰
339 1715 411 1802 οὐχὶ
438 1718 479 1798 μὴ
511 1713 665 1801 βούλεται.
707 1713 754 1784 οίς
778 1714 833 1797 μέν
864 1714 922 1798 γὰρ
952 1715 1002 1778 καὶ
1028 1715 1061 1778 τδ
1092 1714 1260 1800 βούλεσθαι
1285 1717 1335 1778 καὶ
1355 1717 1388 1778 τὸ
1411 1715 1452 1798 μὴ

337 1811 415 1878 κατὰ
438 1814 588 1898 διάφορον
610 1811 723 1897 τρύπον
744 1812 967 1898 ἐπισυμβαίνει,
989 1811 1107 1881 τούτοις
1127 1809 1265 1894 εὐλόγως
1286 1813 1338 1876 καὶ
1357 1813 1390 1874 τὸ
1404 1811 1453 1874 δύ-

337 1911 449 1974 νασθαι
476 1911 660 1995 ἀφώρισται
700 1909 767 1995 θεῷ
795 1908 830 1972 δέ
858 1933 894 1992 γε
922 1910 1028 1993 ἐπειδὴ
1057 1908 1209 1972 οὐδέποτε
1235 1910 1396 1996 συμβαίνει
1418 1909 1452 1972 τδ

339 2009 521 2096 βούλεσθαι,
541 2009 575 2072 τὸ
600 2007 641 2090 μὴ
663 2005 814 2070 δύνασθαι
834 2007 1039 2090 προσαπτέον,
1063 2007 1145 2070 ούτω
1169 2007 1273 2090 μέντοι
1286 2005 1336 2070 διὰ
1349 2007 1382 2068 τὸ
1399 2029 1453 2089 μη-

337 2105 449 2170 δέποτε
471 2103 651 2192 βούλεσθαι,
671 2103 742 2188 οῦχλ
761 2105 812 2168 διὰ
830 2106 864 2169 τὸ
883 2105 924 2188 μὴ
939 2104 1090 2168 δύνασθαι
1103 2103 1215 2188 τρόπον
1229 2103 1391 2170 ἀσθενείας
1403 2103 1453 2164 καὶ

288 2215 321 2270 15
341 2202 522 2285 ἀδυναμίας,
561 2201 596 2264 τδ
623 2201 756 2284 μὲνγὰρ
781 2201 998 2286 δημιούργημα
1020 2203 1214 2286 πεπεδῆσθαι
1236 2202 1327 2287 φύσει
1356 2197 1452 2280 (λέγω

337 2301 375 2384 δὴ
407 2300 441 2362 τδ
475 2299 648 2382 σωματικὸν
678 2303 759 2382 φῶς)
788 2298 845 2362 οὐκ
874 2298 986 2380 ἄλογον
1019 2299 1128 2384 φάναι,
1161 2303 1202 2368 ὡς
1230 2300 1271 2383 μὴ
1295 2298 1341 2362 ἐπ’
1368 2295 1454 2380 αὐτῷ

337 2396 469 2460 εἶναιτὸ
492 2395 571 2459 εἶναι
594 2401 678 2480 φῶς,
706 2396 774 2460 ἀλλ’
799 2396 848 2458 ἐπὶ
870 2401 915 2481 τιγῖ
936 2397 1112 2480 ποιήσαντι,
1140 2397 1191 2458 τὸν
1213 2397 1247 2460 δὲ
1267 2397 1452 2480 δημιουργὸν

336 2493 571 2578 ύποβεβλῖγσθαι
594 2493 718 2580 φύσεως
738 2493 854 2576 ἀνάγκη
876 2493 943 2556 λίαν
967 2492 1080 2557 ἄτοπον
1098 2494 1253 2576 ἡγεῖσθαι,
1277 2495 1378 2578 ἀυτμὴ
1401 2491 1450 2555 ἐπ’

336 2590 421 2675 αύτῷ
441 2589 521 2652 εἶναι
542 2592 644 2654 δοκεῖν
663 2592 698 2654 τδ
718 2590 902 2673 ἀληθεύειν,
935 2590 1016 2654 ἀλλά
1036 2591 1112 2676 πρὸς
1130 2596 1183 2675 τῆς
1205 2591 1329 2674 φύσεως
1352 2591 1453 2676 βεβιά-

284 2701 320 2756 w
338 2687 426 2765 σθαι,
447 2688 580 2771 καίτοιγε
599 2687 676 2772 ὅπερ
698 2687 777 2752 ἐστὶν
801 2686 875 2750 αύτδ
902 2686 995 2772 μόνον
1019 2688 1117 2765 ἐστίν,
1141 2689 1212 2752 ἀλλ’
1238 2689 1283 2758 οἷς
1305 2690 1359 2772 μὲν
1383 2688 1452 2771 ἐδη-

337 2783 550 2868 μιούργησε[ν]
571 2784 724 2848 ἐντέθεικε
746 2787 780 2850 τδ
804 2785 896 2871 φύσει
918 2787 969 2850 καὶ
990 2787 1106 2870 ἀνάγκη
1130 2785 1207 2850 εἶναι
1224 2787 1241 2850 ὅ
1259 2787 1344 2862 είσιν,
1368 2783 1453 2870 αύτιγῖ

336 2881 440 2967 μέντοι
472 2883 641 2948 ἐντέθεικεν
672 2882 775 2952 οὐδεὶς
802 2885 835 2948 τδ
867 2884 984 2967 ἀνάγκη
1016 2882 1096 2946 εἶναι
1127 2884 1288 2967 ἀλήθειαν.
1339 2882 1451 2945 οὐκοῦν

336 2978 460 3064 φύσεως
485 2980 539 3064 μὲν
566 2979 671 3043 ἐπάνω
701 2981 717 3043 δ
748 2980 855 3065 φύσεις
878 2981 1127 3056 κατασκευάσας,
1157 2981 1248 3051 αὐτὸς
1272 2981 1306 3045 δέ
1329 2980 1453 3066 φύσεως

335 3076 468 3158 ἀνάγκης
491 3075 666 3160 ἐλεύθερος.
701 3077 782 3140 οῦτω
804 3076 861 3160 γὰρ
885 3078 1011 3160 ἀληθῶς
1033 3077 1150 3160 ἀγαθὸς
1172 3077 1451 3162 δμολογηθήσεται.

284 3186 319 3242 25
337 3173 449 3241 οὐκοῦν
470 3172 521 3236 διὰ
541 3179 601 3238 τῶν
624 3173 793 3258 εἰρημένων
814 3173 1006 3256 αάτύψευδος
1029 3173 1087 3238 οῦκ
1109 3172 1189 3252 ἔστι,
1220 3174 1352 3260 ψεύστης
1377 3173 1412 3236 δὲ
1434 3173 1451 3236 ὁ

335 3269 537 3354 ψευδόμενος.
577 3261 717 3356 ἀπὸγάρ
743 3275 797 3334 τοῦ
821 3269 978 3355 μετιόντος
997 3275 1155 3352 καλεῖται,
1187 3271 1283 3358 οῦχῦ
1309 3269 1451 3356 μετερχό-

336 3389 427 3450 μενος
446 3368 507 3431 ἀπδ
528 3373 583 3432 τοῦ
606 3370 646 3453 μὴ
669 3367 764 3436 ὄντος.
799 3368 916 3452 ψεῦδος
933 3367 990 3450 γὰρ
1010 3369 1069 3452 πρὸ
1088 3373 1143 3432 τοῦ
1164 3369 1358 3436 ἐπινοοῦντος
1375 3365 1450 3430 αῦτδ

335 3463 393 3526 οὐκ
414 3463 450 3526 ἀν
473 3463 533 3548 εἴη,
553 3465 777 3548 παραπλησίως
797 3464 832 3526 δὲ
852 3464 903 3526 καὶ
923 3462 1030 3533 σκύτος
1051 3463 1087 3528 ού
1110 3466 1368 3550 δεδημιούργηται
1386 3463 1452 3547 μέν,

335 3560 573 3647 παρεισέρχεται
595 3560 648 3641 δέ,
677 3559 747 3624 σκιὰ
767 3559 859 3622 τοῦδε
881 3564 936 3622 τοῦ
958 3562 1071 3630 παντὸς
1091 3563 1245 3648 ὑπάρχον,
1275 3565 1355 3646 πλὴν
1378 3563 1451 3626 ὅσον

283 3671 319 3728 ³⁰
336 3661 369 3722 τῦ
400 3660 454 3743 μέν
481 3658 590 3726 σκύτυς
616 3657 653 3720 οῦ
685 3656 778 3740 μόνον
805 3656 985 3743 ὑποτρέχειν
1017 3662 1265 3745 συγκεχώρηται,
1295 3659 1375 3724 ἀλλὰ
1401 3660 1452 3724 καὶ

335 3756 403 3818 λίαν
434 3756 619 3841 ὠφελίμως,
652 3758 706 3817 τοῦ
741 3754 777 3817 δέ
807 3753 942 3839 ψεύδους
971 3757 990 3840 ἡ
1023 3756 1221 3845 ἐπίνοιατὴν
1253 3758 1307 3841 μὲν
1337 3757 1451 3842 οιίρεσιν

335 3851 485 3936 διασαφεῖ
509 3856 563 3936 τῆς
585 3851 736 3935 ἀληθείας
755 3851 841 3936 παρά
863 3853 1056 3938 ἀνθρώποις,
1085 3853 1310 3938 προτιμηθεῖσα
1337 3857 1372 3918 δὲ
1399 3859 1454 3938 τῆς

335 3948 485 4031 ἀληθείας
505 3949 724 4034 βλαβερωτάτη
748 3971 784 4032 γε
805 3949 877 4012 ἐστί.
920 3952 972 4014 καὶ
995 3951 1079 4034 μάλα
1101 3973 1136 4032 γε
1159 3949 1294 4020 είκύτως.
1336 3953 1454 4038 ψεῦδος

334 4044 393 4130 γὰρ
417 4045 494 4130 πρὸς
516 4045 689 4130 ἀνθρώπων
713 4047 896 4123 ἐπινοεῖται,
928 4047 1035 4117 σκύτος
1058 4047 1091 4110 δέ
1112 4049 1146 4112 τὸ
1170 4051 1343 4132 σωματικὸν
1367 4047 1452 4133 παρὰ

283 4155 318 4213 36
337 4143 413 4206 θεοῦ
440 4145 553 4206 κεῖται·
589 4141 628 4204 δι’
658 4142 675 4206 δ
707 4145 768 4230 χρὴ
796 4147 830 4208 τδ
862 4147 916 4230 μὲν
947 4151 1076 4210 νοοῦντα
1108 4144 1249 4230 φεύγειν,
1282 4149 1316 4210 τὸ
1347 4145 1382 4208 δέ
1409 4146 1451 4229 μὴ

335 4239 556 4322 λοιδορεῖσθαι,
575 4240 749 4323 ἀναγκαίως
766 4243 843 4326 πρὸς
856 4247 911 4306 τοῦ
927 4243 1121 4327 δημιουργοῦ
1130 4243 1280 4328 κείμενον.
1317 4241 1370 4314 38,
1390 4243 1452 4304 λοι-

335 4339 471 4421 δορεῖται
501 4338 556 4421 μὲν
586 4337 623 4401 ού
649 4343 739 4402 τοῦτο
769 4337 861 4421 μύνον
883 4339 899 4402 ὁ
921 4344 974 4423 τῆς
993 4339 1167 4422 κενωτάτης
1186 4338 1265 4402 κατὰ
1284 4340 1360 4403 θεοῦ
1381 4340 1452 4424 βλα·

336 4433 474 4519 σφηρίας
497 4434 639 4520 εὑρετής,
669 4434 751 4498 ἀλλά
774 4436 825 4498 καὶ
846 4431 938 4521 ῖιβοις
963 4441 1025 4505 τοῖς
1047 4435 1154 4519 ἀγρίαν
1179 4433 1267 4520 φύσιν
1290 4435 1375 4520 παρὰ
1396 4439 1452 4500 τοῦ

336 4531 525 4616 δημιουργοῦ
553 4534 700 4617 λαχοῦσι,
729 4537 837 4617 σαφῶς
868 4533 952 4617 δίκην
980 4531 1095 4618 ἐχθροῦ
1117 4531 1154 4596 τὰ
1176 4534 1275 4596 πάντα
1297 4532 1452 4617 φιλαιτίου
