3517 5434
339 723 361 782 Γ
378 725 466 784 3-0.
879 707 921 770 68

340 886 407 952 ταῖς
429 879 574 964 ἱστορίαις
595 881 655 941 τῶν
676 878 822 960 γραφῶν,
852 874 934 938 οῦτω
958 872 995 956 δὴ
1018 871 1157 956 κάκεῖνος
1179 870 1313 933 ἀπιστῶν
1339 867 1460 953 ἔφασκε

341 977 537 1063 μηδαμῶςῆ
566 979 609 1043 ῶς
636 971 727 1058 ἔτυχε
753 970 792 1034 τά
823 971 932 1034 αότόθι
958 969 1160 1055 ἱστορούμενα
1181 965 1358 1048 γεγονέναι,
1390 965 1458 1030 οὔτ’

340 1075 377 1139 ἀν
407 1077 497 1159 ἡμεῖς
523 1097 551 1136 τι
574 1075 651 1158 πρὸς
681 1070 772 1134 αὐτὸν
800 1069 870 1153 περὶ
897 1069 1012 1132 τοότων
1037 1067 1194 1150 ἐκινοῦμεν
1218 1063 1282 1128 οὔτ’
1307 1063 1342 1128 ἀν
1366 1063 1460 1132 αὐτὸς

340 1173 435 1256 μείζω
464 1174 515 1235 τδν
549 1170 677 1255 ἔλεγχον
707 1169 758 1232 διὰ
787 1166 904 1232 τοότων
934 1164 1105 1249 ὑπέμεινεν.
1150 1163 1217 1226 ἐπεὶ
1251 1161 1285 1226 δέ
1316 1162 1370 1245 τὴν
1401 1161 1458 1245 μὲν

306 1269 490 1353 5ἀληθειαν
519 1269 623 1336 αὐτοῖς
648 1271 702 1329 τοῦ
730 1265 825 1335 όντως
845 1261 1004 1348 γεγονέναι
1024 1261 1269 1346 προσομολυγτῖ,
1302 1260 1398 1324 αίτίαν
1422 1260 1458 1322 δὲ

339 1367 455 1431 τοότων
482 1367 560 1430 εἶναι
586 1367 639 1448 τὴν
671 1365 712 1448 μὴ
743 1361 837 1427 υόσαν
866 1361 974 1424 κακίαν
1002 1359 1110 1446 φησίν,
1141 1355 1216 1441 φέρε
1238 1356 1290 1420 καὶ
1308 1360 1359 1420 νῦν
1383 1358 1457 1420 ἀπο-

341 1464 505 1548 δείξωμεν,
535 1464 620 1531 όπως
643 1462 696 1530 τὰς
719 1462 855 1546 μεγάλας
875 1458 1030 1543 ἐνεργείας
1052 1455 1212 1538 ἀνατίθησι
1230 1456 1281 1519 καὶ
1304 1455 1341 1518 τά
1361 1454 1456 1537 μείξω

339 1560 485 1644 θαόματα
504 1565 544 1645 τῇ
567 1557 797 1644 διαβαλλομένη
821 1558 899 1641 πρὸς
918 1554 1013 1618 αότοῦ
1034 1554 1134 1638 κακία,
1162 1555 1202 1636 μὴ
1226 1557 1304 1616 νοῶν
1327 1553 1395 1633 (ἅτε
1418 1553 1455 1634 δὴ

339 1659 390 1721 τδν
414 1659 560 1740 λογισμόν
582 1658 784 1738 τυφλῶττων)
803 1655 857 1723 τὰς
875 1652 1071 1738 παραδόξους
1095 1651 1126 1714 ἐν
1147 1655 1213 1719 ταῖς
1236 1651 1379 1735 ἱστορίαις
1402 1653 1456 1712 τοῦ

291 1773 324 1826 10
341 1755 429 1831 θεοῦ,
448 1759 502 1818 τοῦ
524 1756 713 1839 δημιουργοῦ
733 1757 793 1816 τῶν
818 1753 911 1830 όλων,
936 1751 1121 1832 οἰκονομίας.
1164 1749 1194 1821 4.
1228 1750 1303 1834 φησί
1327 1750 1360 1812 δὲ
1381 1750 1458 1834 πρδς

340 1853 418 1923 λέξιν
452 1852 546 1935 αὐτὴν
577 1851 693 1920 ἐκεῖνος
718 1851 737 1934 ἢ
767 1850 871 1935 ἕτερός
898 1872 941 1918 τις
964 1853 1023 1912 τῶν
1043 1847 1095 1910 ἀπ’
1120 1845 1255 1924 ἐκείνου,
1288 1847 1456 1931 ἐπιγράψας

339 1953 373 2015 τδ
399 1951 568 2035 κεφάλαιον
597 1952 667 2034 περὶ
689 1952 742 2032 τῆς
765 1949 960 2033 ἀνθρωπίνης
982 1946 1249 2030 πρωτοπλαστίας·
1289 1945 1318 2016 5.
1350 1944 1453 2028 ἐπειδὴ

339 2046 396 2131 γὰρ
417 2044 554 2128 ἔγνωσαν
576 2047 605 2108 οἱ
622 2045 769 2131 ἄρχοντες
788 2050 831 2115 ῶς
850 2046 884 2110 ἐκ
901 2049 955 2108 τοῦ
973 2042 1191 2128 παραιρεῖσθαι
1208 2044 1241 2106 τδ
1257 2042 1336 2113 ἅπαξ
1352 2043 1456 2111 ἁπλῶς

341 2144 487 2228 ἐμπῖπτον
510 2143 553 2212 είς
571 2143 685 2211 αὐτοὺς
703 2143 796 2228 μέρος
815 2147 870 2206 τοῦ
893 2145 997 2228 φωτὸς
1018 2141 1113 2227 ταχὺς
1134 2140 1181 2203 ἐπ’
1204 2141 1317 2210 αὐτοὺς
1333 2143 1348 2204 ό
1364 2141 1454 2203 θάνα-

291 2259 323 2312 15
341 2264 391 2309 τος
409 2241 486 2325 ἠ’ξει,
508 2241 562 2324 τὴν
575 2241 619 2309 είς
632 2240 669 2302 τὰ
692 2243 822 2325 σώματα
840 2246 894 2324 τῆς
911 2245 1011 2327 ψυχῆς
1024 2240 1158 2303 κάθοδον
1177 2238 1454 2324 ἐμηχανησα[ν]το,

340 2338 527 2421 ἀναδραμεῖν
557 2338 611 2420 μὲν
642 2337 735 2422 αὐτην
766 2337 841 2422 μηδ’
876 2339 959 2407 ὅλως
989 2339 1164 2422 ζητοῦντες,
1197 2336 1389 2400 ἀνελθοῦσαν
1421 2337 1455 2398 δὲ

341 2435 420 2518 μηδὲ
440 2438 493 2516 τῖης
513 2433 632 2497 ἀνωθεν
656 2435 774 2518 λήξεως
796 2435 880 2505 ἀξίαν
904 2436 1109 2520 εὑρίσκεσθαι,
1135 2436 1290 2518 μιάσματα
1310 2439 1364 2516 τῆς
1387 2457 1454 2518 σαρ-

339 2534 392 2600 κὸς
417 2529 618 2616 ἀνεχομένην.
662 2534 713 2595 καὶ
741 2532 806 2615 μετ’
831 2536 937 2618 δλίγα·
971 2534 1010 2595 δι’
1035 2533 1052 2596 δ
1077 2533 1203 2601 ἕκαστος
1226 2529 1327 2594 αὐτῶν
1350 2531 1456 2615 (φησι)

339 2632 399 2690 τῶν
425 2631 479 2710 τῆς
509 2627 583 2711 ῦλης
611 2629 769 2714 ἀρχόντων
798 2631 832 2695 δν
861 2631 973 2716 τρόπον
1001 2631 1189 2714 προείπομεν
1215 2632 1269 2711 τῆς
1290 2630 1456 2714 γενομένης

288 2743 324 2797 m
341 2725 489 2808 κινήσεως
508 2725 609 2790 ἕνεκεν
633 2730 756 2793 καὶτοῦ
777 2730 926 2815 φανέντος
944 2731 1064 2813 πρῶτον
1089 2727 1137 2790 ἐπὶ
1158 2727 1211 2809 τὴν
1235 2727 1384 2810 λύτρωσιν
1403 2732 1456 2810 τῆς

341 2826 452 2907 ψυχῆς,
472 2827 526 2906 τῆς
545 2824 643 2909 θόρας
655 2833 777 2912 πρῶτον
792 2828 963 2911 ἀνυιγείσης
984 2825 1033 2888 ὑπ’
1056 2824 1232 2908 ἐκπλήξεως
1247 2870 1352 2888 ······
1373 2824 1455 2889 ἄκων

340 2918 543 3004 καταπέμψας
563 2923 616 3007 τὴν
641 2923 672 2986 ἐν
691 2923 777 3011 αὐτῷ
798 2926 924 3009 δύναμιν
946 2922 1129 3007 ἐμόρφωσεν
1151 2923 1260 2986 ἐαυτδν
1274 2923 1316 2990 εἰς
1328 2923 1455 3007 θήραμα

339 3020 393 3098 τῆς
419 3021 522 3102 ψυχῆς
548 3021 598 3081 καὶ
625 3021 748 3106 μίμημα
779 3022 873 3086 αὐτοῦ
906 3021 1036 3086 ἔπλασεν
1058 3019 1107 3082 ἐπὶ
1128 3025 1182 3104 τῆς
1204 3024 1274 3102 γῆς,
1305 3017 1341 3082 οῦ
1365 3022 1456 3083 δυσα-

338 3116 524 3184 ποσπάστως
549 3114 631 3201 ἔχειν
659 3120 830 3204 η’νάγκασεν
860 3121 913 3190 τὰς
942 3119 1044 3206 ψυχὰς
1073 3116 1355 3201 κατακηλυυμένας.
1405 3119 1456 3181 καλ

288 3229 323 3285 25
340 3212 468 3294 πλάσμα
497 3212 596 3277 αὐτῶν
629 3215 692 3279 ἐστι
715 3224 837 3303 πρῶτον
868 3219 1029 3302 όἈδάμ,
1060 3217 1188 3302 ὄργανον
1219 3214 1381 3298 ἐπιθυμίας
1405 3217 1456 3278 καί

340 3307 451 3394 δέλεαρ
470 3316 529 3373 τῶν
552 3311 672 3377 ἀνωθεν
694 3321 801 3401 ψυχῶν
823 3318 874 3379 καὶ
896 3318 1063 3401 μηχάνημα
1085 3320 1139 3378 τοῦ
1162 3311 1256 3380 αὐτὰς
1269 3311 1312 3380 είς
1326 3315 1455 3396 σώματα

340 3405 506 3489 ἐμπίπτειν.
565 3407 596 3481 0,
630 3413 799 3496 σκοπητέον
829 3414 884 3496 μὲν
915 3414 952 3496 δὴ
982 3417 1103 3496 πρῶτον
1139 3411 1214 3494 ὅσην
1243 3409 1354 3494 σοφίαν
1383 3433 1455 3494 προ·

341 3509 510 3589 σμαρτυρεῖ
534 3511 598 3575 τοῖς
626 3508 772 3594 ἄρχουσιν
802 3513 862 3589 (ῶς
883 3507 993 3590 οἴεται)
1016 3511 1069 3591 τῆς
1091 3508 1180 3592 όλης,
1212 3508 1249 3591 ἢν
1275 3505 1322 3569 ἐπ’
1348 3509 1456 3592 ἀγνοίᾳ

338 3602 435 3685 πάντη
457 3605 583 3681 κακίζει,
609 3609 661 3682 ῶς,
683 3605 733 3668 ίνα
756 3607 798 3690 μὴ
823 3606 1018 3692 ἀφαιρεθῶσι
1041 3609 1094 3668 τοῦ
1116 3602 1336 3689 προσμιγέντος
1353 3605 1457 3673 αὐτοῖς

288 3715 324 3770 ³⁰
341 3701 446 3782 φωτδς
464 3702 732 3788 μεμηχανημένοις
747 3704 797 3767 διὰ
811 3706 924 3790 σαρκὸς
936 3705 988 3788 τὴν
1003 3704 1046 3772 είς
1059 3701 1171 3770 αὐτοῦς
1183 3701 1318 3765 κάθοδον
1334 3707 1387 3786 τῆς
1401 3709 1455 3789 ψυ·

338 3800 408 3879 χῆς,
422 3799 608 3882 ἀναδραμεῖν
623 3800 678 3883 μὲν
692 3797 780 3870 αὖθις
793 3802 888 3887 αὐτὴν
908 3803 964 3868 οῦκ
984 3801 1103 3876 ἐῶντες,
1121 3800 1148 3863 εί
1161 3799 1196 3862 δέ
1209 3800 1260 3862 καί
1272 3800 1455 3886 ἀναδράμοι,

339 3892 463 3962 ἀναξίαν
483 3896 712 3981 ἀποφαίνεσθαι
730 3904 790 3962 τῶν
804 3899 880 3977 ἀνω,
904 3896 1113 3984 μεμιασμένην
1128 3898 1227 3981 σαρκί,
1249 3901 1291 3967 ῶς
1305 3897 1454 3962 ἀδόνατον

339 3988 418 4053 εἶναι
437 3992 534 4076 πάντη
558 3998 602 4079 τηῖ
623 3994 733 4080 ἀγαθῷ
755 3997 808 4079 τἠν
831 3997 906 4080 παρ’
931 3997 1043 4058 ἑαυτοῦ
1069 3995 1170 4079 ψυχὴν
1195 3994 1366 4080 ὁλόκληρον
1392 3995 1454 4058 δια·

340 4089 519 4165 σόνσασθαι,
548 4094 614 4159 ταῖς
643 4100 795 4179 μηχαναῖς
819 4100 879 4159 τῶν
909 4092 1066 4178 ἀρχόντων
1090 4098 1144 4177 τῆς
1168 4093 1243 4176 όλης
1264 4093 1453 4177 ἡττωμένην.

269 4199 323 4253 -35
341 4186 393 4247 καὶ
418 4187 487 4271 περὶ
511 4186 565 4270 μὲν
588 4189 702 4253 τοότων
725 4189 769 4254 ἐτι
789 4191 961 4277 καὶβλέγειν
984 4193 1049 4258 πῶς
1073 4191 1113 4274 μὴ
1135 4189 1235 4273 γέλως
1256 4189 1297 4277 γ’γς
1331 4192 1396 4256 ἐπεὶ
1419 4193 1454 4256 δέ

340 4282 430 4367 φησὶν
454 4284 500 4347 ότι
522 4287 649 4370 πλάσμα
669 4288 791 4372 πρῶτόν
814 4289 878 4352 ἐστι
899 4293 958 4352 τῶν
977 4289 1135 4375 ἀρχόντων
1154 4292 1207 4371 τῆς
1221 4289 1296 4373 όλης
1313 4289 1454 4374 όἈδάμ,

339 4378 467 4464 ὄργανον
492 4381 726 4467 ἐπιθυμίαςκαὶ
749 4385 861 4471 δέλεαρ
883 4392 943 4451 τῶν
967 4385 1087 4450 ἀνωθεν
1111 4389 1236 4470 ψυχῶν,
1258 4386 1336 4455 τέως
1358 4410 1453 4472 μεμα-

337 4476 476 4562 θήκαμεν
503 4478 549 4541 ότι
574 4485 684 4564 σαφῶς
713 4483 890 4546 πεπλάσθαι
917 4486 994 4569 πρὸς
1024 4486 1078 4566 τῆς
1105 4483 1146 4566 μὴ
1179 4482 1274 4566 οόσης
1302 4485 1376 4569 ῦλης
1402 4487 1453 4548 τὸν

339 4573 502 4658 ἄνθρωπον
533 4575 615 4659 λέγει
647 4579 664 4641 ό
692 4585 850 4667 πανταχοῦ
879 4587 920 4667 τῇ
951 4582 1009 4666 ῦλη
1025 4581 1090 4644 καὶ
1118 4586 1157 4666 τη
1182 4582 1273 4666 κακίφ
1298 4584 1332 4645 τδ
1357 4580 1453 4646 πλέον
