3517 5434
383 719 435 774 118
769 719 860 790 Λόγος
877 718 1042 794 ἀπόκροφος.
1319 715 1374 797 τερ.
1393 727 1436 784 13.

383 874 555 962 ριζόμενον
584 872 622 940 τδ
651 871 848 962 ἀχρώματον
877 873 916 942 τὸ
945 873 1195 964 ἀσχημάτιστον
1215 875 1255 944 τὸ
1278 877 1440 967 ἄτρεπτον
1521 884 1526 892 “

381 985 421 1051 τὸ
443 981 568 1071 γυμνὸν
589 982 627 1053 τὸ
651 995 776 1077 φαῖνον
795 984 835 1052 τὸ
858 986 948 1072 αὐτῷ
970 987 1182 1070 καταληπτὸν
1204 988 1243 1056 τό
1259 989 1439 1059 ἀναλλοίω·

383 1120 442 1164 τον
463 1093 502 1164 τδ
524 1093 663 1182 ἀγαθον
683 1096 723 1163 τὸ
744 1095 933 1185 ἀσώματον.
1460 1119 1476 1171 3

455 1206 547 1274 Tor.
594 1213 741 1294 Μέμηνα
763 1206 874 1289 ὄντας,
897 1202 923 1276 ὦ
946 1209 1058 1298 πάτερ.
1096 1213 1274 1291 δοκοῦντος
1296 1212 1361 1298 γάρ
1376 1239 1442 1300 μου

383 1317 448 1388 ὑπὸ
476 1323 539 1389 σοῦ
565 1322 676 1413 σοφοῦ
703 1325 888 1406 γεγονέναι,
917 1318 1179 1412 ἐνεφρολχθησαν
1207 1329 1242 1390 αἱ
1266 1323 1441 1406 αἰσθήσεις
1624 1259 1628 1368 λ

385 1429 505 1499 τούτου
525 1457 591 1517 μου
613 1435 672 1499 τοῦ
693 1429 870 1517 νοήματος.
1460 1451 1477 1504 ς
1541 1489 1544 1494 ,

457 1543 610 1631 Ἑρμῆς.
660 1540 770 1619 Οὕτως
797 1545 874 1628 ἔχει,
905 1536 930 1608 ὦ
958 1549 1081 1611 τέκνον.
1127 1540 1166 1611 ed
1188 1549 1248 1630 μὲν
1277 1544 1444 1636 ἀνωφερὲς

386 1653 430 1730 ὡς
451 1658 525 1741 πῦρ,
546 1651 585 1720 τὸ
609 1655 643 1720 δὲ
665 1656 852 1743 κατωφερὲς
873 1652 917 1732 ὡς
939 1656 990 1738 μή,
1012 1658 1068 1722 καὶ
1081 1651 1184 1743 ὑγρὸν
1205 1653 1247 1736 ὡς
1270 1650 1365 1742 ὕδωρ,
1388 1659 1443 1720 καὶ

385 1762 555 1851 σύμπνουν
584 1763 627 1843 ὡς
655 1761 738 1853 ἀήρ·
766 1767 836 1842 πῶς
864 1767 1037 1850 αἰσθητῶς
1059 1761 1140 1833 oded
1162 1761 1307 1847 νοήσεις,
1335 1761 1374 1832 τὸ
1396 1761 1484 1850 μήσ

387 1872 531 1964 σκληρὸν
551 1871 592 1943 τὰ
614 1871 661 1962 μή
682 1872 785 1964 ὑγρὸν
806 1872 845 1942 τὸ
868 1876 1082 1970 ἀσφλμγωτον
1104 1873 1142 1944 τὸ
1164 1871 1211 1964 μὴ
1228 1875 1444 1963 διαλυόμενον

385 1985 424 2057 τὸ
447 1987 554 2075 μόνον
576 1985 714 2074 δυνάμει
734 1990 790 2052 καὶ
812 1991 960 2076 ἐνεργείᾳ
980 1985 1179 2075 νοούμενονς
1201 1987 1257 2082 δέη
1279 1985 1386 2074 μόνον
1409 1989 1444 2054 dd

384 2103 446 2167 νοῦ
466 2103 651 2186 δυναμένου
672 2108 762 2165 νοεῖν
783 2093 845 2185 τήν
867 2093 904 2164 ἐν
925 2101 999 2182 θεῷ
1020 2104 1153 2182 γένεσιν.
1417 2127 1423 2140 ·
1465 2121 1498 2172 12

340 2217 360 2282 7
455 2208 546 2278 Τάτ.
589 2207 766 2286 Ἀδύνατος
788 2201 849 2274 οὖν
871 2215 944 2295 εἰμι,
967 2199 1127 2294 ὦπάτερ.
1560 2295 1563 2302 Ι
1616 2197 1628 2263 λ

456 2321 511 2406 Ἑρ
518 2326 572 2405 μή
579 2347 604 2397 ς.
644 2315 706 2399 Μή
728 2324 865 2402 γένοιτο,
889 2309 916 2382 ὦ
936 2324 1065 2382 τέκνον·
1088 2321 1269 2382 ἐπίσπασαι
1283 2323 1330 2392 εὶς
1346 2339 1442 2382 σεαυ-

317 2513 326 2527 .
383 2430 443 2499 τὸν
464 2433 521 2496 καὶ
543 2425 716 2505 ἐλεύσεται,
739 2426 890 2506 θέλησον
911 2429 967 2490 καὶ
989 2427 1128 2508 γίνεται,
1150 2423 1362 2514 κατάρμησυν
1384 2433 1444 2494 τοῦ
1462 2453 1496 2504 15

306 2613 309 2616 ,
387 2538 541 2626 σώματος
562 2534 623 2614 τὰς
645 2534 823 2616 αλσθήσεις
837 2539 894 2600 καὶ
914 2538 1005 2601 ἔσται
1021 2534 1043 2616 ή
1058 2539 1182 2621 γένεσις
1196 2541 1255 2618 τῆς
1269 2535 1443 2620 θεότητος,

385 2650 540 2736 κήθιιραι
562 2643 702 2716 σεαυτὸν
725 2641 792 2711 ἀπὸ
815 2647 880 2719 ,τῶν
903 2643 1034 2730 ἀλόγων
1056 2651 1115 2733 τῆς
1136 2645 1216 2732 ὕλης
1239 2653 1398 2736 τιμωρῶν.

453 2845 479 2896 3.
499 2844 533 2897 τὸ
551 2838 661 2915 ἀγαθὸν
677 2861 729 2894 om.
747 2841 813 2894 Patr.
903 2841 928 2894 6.
947 2860 1001 2910 μον
1019 2840 1119 2900 τούτου
1138 2843 1218 2894 Ftuo.
1308 2843 1334 2896 8.
1352 2845 1384 2896 td
1404 2843 1442 2910 di]

453 2934 500 2984 ταὶ
518 2932 551 2982 Α.
605 2929 647 2980 ld.
664 2924 814 2999 οἷσφήικτον
832 2927 864 2978 Β.
883 2921 896 2994 Η
943 2911 1117 2998 διαδυομένου
1138 2927 1182 2980 ΑΒ
1202 2928 1282 2982 Turn.
1338 2928 1379 2982 ll.
1402 2929 1442 2980 12.

454 3020 499 3089 δέη
517 3013 602 3087 μόνον
619 3017 648 3068 δὲ
663 3012 724 3080 νοῦ]
742 3012 777 3064 εἷο
795 3013 887 3078 ΡΙοει,
905 3009 1031 3084 δεόμενον
1048 3016 1076 3067 di
1088 3015 1138 3066 τοῦ
1151 3013 1218 3067 libri.
1268 3014 1362 3068 1415.
1381 3017 1443 3066 λαυ-

454 3104 502 3158 τὸτ
520 3103 587 3154 libri.
669 3099 711 3151 15.
730 3097 899 3171 κατάρτησον
918 3103 949 3150 Α.
1032 3098 1073 3152 16.
1092 3102 1138 3154 καὶ
1153 3104 1231 3154 dom
1247 3099 1264 3170 ἡ
1282 3102 1378 3168 rium
1395 3101 1443 3167 τῆς

454 3190 588 3258 θεότητος
606 3209 656 3241 om.
676 3187 741 3239 Patr.
815 3185 856 3247 17.
875 3183 992 3260 κάθαιρε
1011 3188 1042 3238 Α.
1063 3180 1078 3260 ΙΙ
1115 3185 1242 3258 τιμωριῶν
1260 3186 1315 3247 ΑΒ.

386 3343 474 3401 Ιοτοιο
491 3341 663 3417 infiguratum
680 3339 845 3397 immutabile
862 3338 963 3399 nudum
986 3337 1132 3415 splendens
1152 3339 1224 3417 quod
1243 3339 1295 3400 eibi
1314 3348 1357 3394 eet
1374 3357 1432 3393 eom

385 3428 568 3508 prehensibiie
586 3425 755 3483 inalterabile
772 3425 872 3480 bonum
891 3426 1087 3502 incorporeum.

437 3513 507 3571 Tat.
543 3511 617 3569 Vere
639 3513 669 3568 in
691 3509 809 3566 furorem
832 3529 909 3584 agor,
932 3529 949 3564 ο
971 3520 1055 3587 pater.
1093 3531 1153 3569 nam
1177 3531 1235 3569 eum
1258 3507 1396 3564 viderere
1415 3517 1443 3563 te

385 3604 493 3682 sapiens
512 3600 633 3667 effectus,
653 3597 787 3655 obstructi
805 3604 869 3650 eunt
887 3613 983 3652 sensus
1002 3599 1054 3654 mei
1073 3596 1124 3654 hec
1143 3598 1309 3674 cogitatione.

435 3685 583 3744 Hermes.
624 3683 664 3740 lta
687 3703 717 3739 ee
738 3681 832 3750 habet,
860 3701 878 3736 ο
900 3681 950 3738 fili.
990 3701 1053 3763 pare
1077 3701 1182 3740 sursum
1205 3682 1290 3740 fertur
1312 3689 1343 3738 ut
1364 3683 1443 3756 ignis,

387 3793 451 3851 pare
470 3772 597 3828 deorsum
615 3772 702 3844 vergit
719 3777 749 3825 ut
766 3777 846 3837 terre,
864 3778 893 3824 et
910 3768 1048 3826 humidum
1066 3779 1097 3825 ut
1115 3789 1191 3846 aque,
1211 3779 1238 3825 et
1254 3765 1396 3846 perflabiie
1414 3775 1445 3822 ut

387 3865 447 3930 adn
472 3876 584 3938 quanam
608 3865 664 3910 erte
681 3851 711 3910 id
728 3873 811 3912 eeneu
828 3855 977 3934 percipies,
1001 3853 1075 3932 quod
1091 3875 1142 3912 nec
1161 3855 1270 3922 durum,
1292 3873 1343 3910 nec
1360 3853 1445 3908 humi·

387 3945 467 4011 dum,
485 3963 536 3998 nee
554 3943 741 4010 constrictum,
758 3961 809 3998 neo
826 3942 958 4011 solutum,
978 3941 1051 4018 quod
1070 3941 1126 3998 sola
1144 3943 1265 4020 potentia
1283 3949 1311 3996 ei
1327 3947 1387 3994 ectu
1405 3937 1445 3989 in-

387 4029 538 4104 telligitur?
566 4026 672 4106 indigue
690 4049 719 4084 ee
737 4039 839 4095 mente,
858 4049 926 4102 quae
944 4027 1001 4084 eolo
1020 4037 1111 4110 potest
1129 4026 1279 4101 intelligere
1296 4021 1444 4098 generatio·

386 4133 448 4170 nem
466 4115 494 4169 in
514 4113 573 4171 deo.
1024 4115 1027 4122 '

439 4199 508 4256 Tei.
544 4201 681 4281 impotens
700 4221 763 4276 ergo
781 4219 850 4266 eum,
872 4208 992 4278 opeter.

438 4286 581 4344 Hermes.
612 4285 654 4343 Ne
671 4286 700 4342 id
718 4287 775 4353 fiat,
792 4305 809 4340 o
827 4285 879 4356 iili3
898 4285 1003 4341 attrahe
1021 4282 1055 4339 ed
1073 4293 1100 4339 te
1118 4283 1207 4361 ipsum
1221 4289 1250 4339 et
1261 4283 1359 4350 veniet,
1377 4279 1445 4338 velit

387 4385 416 4430 et
433 4374 490 4442 fiet,
509 4377 614 4431 otioeoe
627 4371 711 4428 redde
726 4373 850 4447 eorporis
863 4389 960 4428 sensus
972 4379 1000 4426 et
1013 4371 1064 4428 erit
1076 4371 1213 4446 generatio
1227 4368 1344 4438 deitatis,
1362 4387 1446 4446 purga

387 4469 415 4516 te
433 4463 522 4538 ipsum
541 4483 555 4520 ε
572 4459 661 4517 brutis
679 4458 804 4515 materiee
821 4454 984 4515 vindicibus.
