<?xml version="1.0" encoding="UTF-8"?>
<!DOCTYPE html PUBLIC "-//W3C//DTD XHTML 1.0 Transitional//EN"
    "http://www.w3.org/TR/xhtml1/DTD/xhtml1-transitional.dtd">
<html xmlns="http://www.w3.org/1999/xhtml" xml:lang="en" lang="en">
 <head>
  <title>
</title>
<meta http-equiv="Content-Type" content="text/html;charset=utf-8" />
  <meta name='ocr-system' content='tesseract 3.04.00' />
  <meta name='ocr-capabilities' content='ocr_page ocr_carea ocr_par ocr_line ocrx_word'/>
</head>
<body>
  <div class='ocr_page' id='page_1' title='image "./poemander00trisgoog_0120.png"; bbox 0 0 3517 5434; ppageno 0'>
   <div class='ocr_carea' id='block_1_1' title="bbox 411 671 1464 750">
    <p class='ocr_par' dir='ltr' id='par_1_1' title="bbox 411 671 1464 750">
     <span class='ocr_line' id='line_1_1' title="bbox 411 671 1464 750; baseline 0.007 -26"><span class='ocrx_word' id='word_1_1' title='bbox 411 671 447 724; x_wconf 75' lang='lat'><strong>9⁴</strong></span> <span class='ocrx_word' id='word_1_2' title='bbox 800 674 876 736; x_wconf 75' lang='grc' dir='ltr'><strong><em>Νοῦς</em></strong></span> <span class='ocrx_word' id='word_1_3' title='bbox 893 677 959 748; x_wconf 80' lang='grc' dir='ltr'><strong><em>πρὸς</em></strong></span> <span class='ocrx_word' id='word_1_4' title='bbox 974 676 1082 750; x_wconf 72' lang='grc' dir='ltr'><strong><em>Ἑρμῆν.</em></strong></span> <span class='ocrx_word' id='word_1_5' title='bbox 1347 697 1401 748; x_wconf 76' lang='lat' dir='ltr'><strong>cup.</strong></span> <span class='ocrx_word' id='word_1_6' title='bbox 1422 679 1464 732; x_wconf 88' lang='lat' dir='ltr'><strong>lt.</strong></span> 
     </span>
    </p>
   </div>
   <div class='ocr_carea' id='block_1_2' title="bbox 335 823 1509 2578">
    <p class='ocr_par' dir='ltr' id='par_1_2' title="bbox 335 823 1509 2578">
     <span class='ocr_line' id='line_1_2' title="bbox 411 823 1464 919; baseline 0.006 -27"><span class='ocrx_word' id='word_1_7' title='bbox 411 852 481 905; x_wconf 84' lang='grc' dir='ltr'><strong><em>ται,</em></strong></span> <span class='ocrx_word' id='word_1_8' title='bbox 509 828 566 893; x_wconf 79' lang='grc' dir='ltr'><strong>καὶ</strong></span> <span class='ocrx_word' id='word_1_9' title='bbox 588 823 672 908; x_wconf 78' lang='grc' dir='ltr'><strong>αὕτη</strong></span> <span class='ocrx_word' id='word_1_10' title='bbox 693 830 783 894; x_wconf 74' lang='grc' dir='ltr'><strong><em>ἐστὶν</em></strong></span> <span class='ocrx_word' id='word_1_11' title='bbox 805 828 824 895; x_wconf 84' lang='grc' dir='ltr'>ὁ</span> <span class='ocrx_word' id='word_1_12' title='bbox 847 828 948 910; x_wconf 80' lang='grc' dir='ltr'><strong><em>θεός,</em></strong></span> <span class='ocrx_word' id='word_1_13' title='bbox 973 827 1037 898; x_wconf 82' lang='grc' dir='ltr'><strong>ύπδ</strong></span> <span class='ocrx_word' id='word_1_14' title='bbox 1060 833 1120 898; x_wconf 84' lang='grc' dir='ltr'><strong><em>τοῦ</em></strong></span> <span class='ocrx_word' id='word_1_15' title='bbox 1141 833 1227 898; x_wconf 70' lang='grc' dir='ltr'><strong><em>θεοῦ</em></strong></span> <span class='ocrx_word' id='word_1_16' title='bbox 1250 826 1317 919; x_wconf 83' lang='grc' dir='ltr'><strong>ἀρα</strong></span> <span class='ocrx_word' id='word_1_17' title='bbox 1340 835 1464 916; x_wconf 81' lang='grc' dir='ltr'><strong><em>γίνεται</em></strong></span> 
     </span>
     <span class='ocr_line' id='line_1_3' title="bbox 408 935 1462 1032; baseline 0.007 -29"><span class='ocrx_word' id='word_1_18' title='bbox 408 935 531 1004; x_wconf 79' lang='grc' dir='ltr'><strong><em>πάντα.</em></strong></span> <span class='ocrx_word' id='word_1_19' title='bbox 575 935 641 1019; x_wconf 82' lang='grc' dir='ltr'><strong>ζωὴ</strong></span> <span class='ocrx_word' id='word_1_20' title='bbox 663 941 698 1004; x_wconf 82' lang='grc' dir='ltr'><strong>δέ</strong></span> <span class='ocrx_word' id='word_1_21' title='bbox 721 945 810 1006; x_wconf 81' lang='grc' dir='ltr'><strong><em>ἐστιν</em></strong></span> <span class='ocrx_word' id='word_1_22' title='bbox 832 947 947 1020; x_wconf 71' lang='grc' dir='ltr'><strong><em>ἔνοσις</em></strong></span> <span class='ocrx_word' id='word_1_23' title='bbox 968 947 1028 1009; x_wconf 84' lang='grc' dir='ltr'><strong><em>νοῦ</em></strong></span> <span class='ocrx_word' id='word_1_24' title='bbox 1042 946 1098 1008; x_wconf 86' lang='grc' dir='ltr'><strong>καὶ</strong></span> <span class='ocrx_word' id='word_1_25' title='bbox 1113 947 1230 1032; x_wconf 79' lang='grc' dir='ltr'><strong><em>ψυχῆς,</em></strong></span> <span class='ocrx_word' id='word_1_26' title='bbox 1254 942 1407 1020; x_wconf 73' lang='grc' dir='ltr'><strong><em>θάνατος</em></strong></span> <span class='ocrx_word' id='word_1_27' title='bbox 1422 939 1462 1024; x_wconf 75' lang='grc' dir='ltr'><strong>δὴ</strong></span> 
     </span>
     <span class='ocr_line' id='line_1_4' title="bbox 409 1045 1495 1140; baseline 0.001 -27"><span class='ocrx_word' id='word_1_28' title='bbox 409 1047 469 1114; x_wconf 82' lang='grc' dir='ltr'><strong><em>οὐκ</em></strong></span> <span class='ocrx_word' id='word_1_29' title='bbox 491 1045 637 1115; x_wconf 75' lang='grc' dir='ltr'><strong><em>ἀπώλεια</em></strong></span> <span class='ocrx_word' id='word_1_30' title='bbox 659 1053 725 1118; x_wconf 79' lang='grc' dir='ltr'><strong><em>τοῖν</em></strong></span> <span class='ocrx_word' id='word_1_31' title='bbox 748 1056 990 1140; x_wconf 76' lang='grc' dir='ltr'><em>συναχθέντων,</em></span> <span class='ocrx_word' id='word_1_32' title='bbox 1013 1051 1160 1132; x_wconf 77' lang='grc' dir='ltr'><strong><em>διάλυσις</em></strong></span> <span class='ocrx_word' id='word_1_33' title='bbox 1182 1056 1216 1120; x_wconf 80' lang='grc' dir='ltr'><strong>δὲ</strong></span> <span class='ocrx_word' id='word_1_34' title='bbox 1232 1058 1290 1134; x_wconf 84' lang='grc' dir='ltr'><strong>τῆς</strong></span> <span class='ocrx_word' id='word_1_35' title='bbox 1310 1051 1461 1132; x_wconf 82' lang='grc' dir='ltr'><strong><em>ένώσεως.</em></strong></span> <span class='ocrx_word' id='word_1_36' title='bbox 1480 1061 1495 1114; x_wconf 83' lang='grc'>3</span> 
     </span>
     <span class='ocr_line' id='line_1_5' title="bbox 343 1157 1462 1243; baseline 0.005 -19"><span class='ocrx_word' id='word_1_37' title='bbox 343 1169 384 1236; x_wconf 85' lang='lat'><strong>15</strong></span> <span class='ocrx_word' id='word_1_38' title='bbox 476 1157 566 1228; x_wconf 79' lang='grc' dir='ltr'><strong><em>’Ἐστι</em></strong></span> <span class='ocrx_word' id='word_1_39' title='bbox 592 1163 706 1227; x_wconf 79' lang='grc' dir='ltr'><strong><em>τοίνυν</em></strong></span> <span class='ocrx_word' id='word_1_40' title='bbox 733 1157 825 1229; x_wconf 77' lang='grc' dir='ltr'><strong><em>είκιίιυ</em></strong></span> <span class='ocrx_word' id='word_1_41' title='bbox 847 1166 908 1230; x_wconf 82' lang='grc' dir='ltr'><strong><em>τοῦ</em></strong></span> <span class='ocrx_word' id='word_1_42' title='bbox 936 1167 1020 1231; x_wconf 73' lang='grc' dir='ltr'><strong><em>θεοῦ</em></strong></span> <span class='ocrx_word' id='word_1_43' title='bbox 1043 1164 1061 1231; x_wconf 88' lang='grc' dir='ltr'>ὁ</span> <span class='ocrx_word' id='word_1_44' title='bbox 1085 1161 1179 1243; x_wconf 83' lang='grc' dir='ltr'><strong><em>αίόν,</em></strong></span> <span class='ocrx_word' id='word_1_45' title='bbox 1202 1169 1261 1231; x_wconf 81' lang='grc' dir='ltr'><strong><em>τοῦ</em></strong></span> <span class='ocrx_word' id='word_1_46' title='bbox 1284 1167 1319 1230; x_wconf 86' lang='grc' dir='ltr'><strong>δὲ</strong></span> <span class='ocrx_word' id='word_1_47' title='bbox 1342 1167 1462 1242; x_wconf 66' lang='grc' dir='ltr'><strong><em>αἰῶνος</em></strong></span> 
     </span>
     <span class='ocr_line' id='line_1_6' title="bbox 408 1270 1462 1362; baseline 0.002 -25"><span class='ocrx_word' id='word_1_48' title='bbox 408 1270 427 1337; x_wconf 89' lang='grc' dir='ltr'>ὁ</span> <span class='ocrx_word' id='word_1_49' title='bbox 451 1270 586 1354; x_wconf 87' lang='grc' dir='ltr'><strong><em>κόσμος,</em></strong></span> <span class='ocrx_word' id='word_1_50' title='bbox 607 1275 666 1338; x_wconf 80' lang='grc' dir='ltr'><strong><em>τοῦ</em></strong></span> <span class='ocrx_word' id='word_1_51' title='bbox 687 1273 722 1338; x_wconf 78' lang='grc' dir='ltr'><strong>δὲ</strong></span> <span class='ocrx_word' id='word_1_52' title='bbox 737 1270 864 1358; x_wconf 83' lang='grc' dir='ltr'><strong><em>κόσμου</em></strong></span> <span class='ocrx_word' id='word_1_53' title='bbox 886 1271 1020 1355; x_wconf 87' lang='grc' dir='ltr'><strong><em>ὁῆλιος,</em></strong></span> <span class='ocrx_word' id='word_1_54' title='bbox 1043 1278 1103 1340; x_wconf 82' lang='grc' dir='ltr'><strong><em>τοῦ</em></strong></span> <span class='ocrx_word' id='word_1_55' title='bbox 1125 1277 1159 1341; x_wconf 79' lang='grc' dir='ltr'><strong>δὲ</strong></span> <span class='ocrx_word' id='word_1_56' title='bbox 1182 1274 1278 1356; x_wconf 83' lang='grc' dir='ltr'><strong><em>ἡλίου</em></strong></span> <span class='ocrx_word' id='word_1_57' title='bbox 1293 1275 1312 1340; x_wconf 92' lang='grc' dir='ltr'>ὁ</span> <span class='ocrx_word' id='word_1_58' title='bbox 1328 1270 1462 1362; x_wconf 73' lang='grc' dir='ltr'><strong><em>ἀνθρω-</em></strong></span> 
     </span>
     <span class='ocr_line' id='line_1_7' title="bbox 406 1378 1494 1476; baseline 0.006 -29"><span class='ocrx_word' id='word_1_59' title='bbox 406 1407 477 1459; x_wconf 82' lang='grc' dir='ltr'><strong><em>πος.</em></strong></span> <span class='ocrx_word' id='word_1_60' title='bbox 523 1378 585 1463; x_wconf 72' lang='grc' dir='ltr'><strong>τὴν</strong></span> <span class='ocrx_word' id='word_1_61' title='bbox 612 1385 647 1449; x_wconf 79' lang='grc' dir='ltr'><strong>δὲ</strong></span> <span class='ocrx_word' id='word_1_62' title='bbox 675 1384 866 1470; x_wconf 70' lang='grc' dir='ltr'><strong><em>μεταβολὴν</em></strong></span> <span class='ocrx_word' id='word_1_63' title='bbox 894 1383 1050 1452; x_wconf 81' lang='grc' dir='ltr'><strong><em>δάναεον</em></strong></span> <span class='ocrx_word' id='word_1_64' title='bbox 1080 1390 1111 1452; x_wconf 82' lang='lat' dir='ltr'><strong>oi</strong></span> <span class='ocrx_word' id='word_1_65' title='bbox 1140 1388 1217 1452; x_wconf 91' lang='grc' dir='ltr'><strong><em>λαοί</em></strong></span> <span class='ocrx_word' id='word_1_66' title='bbox 1244 1409 1348 1476; x_wconf 84' lang='grc' dir='ltr'><strong><em>φασιν</em></strong></span> <span class='ocrx_word' id='word_1_67' title='bbox 1377 1382 1494 1454; x_wconf 68' lang='lat' dir='ltr'><strong>rivaus</strong></span> 
     </span>
     <span class='ocr_line' id='line_1_8' title="bbox 405 1489 1459 1586; baseline 0.003 -27"><span class='ocrx_word' id='word_1_68' title='bbox 405 1490 462 1560; x_wconf 89' lang='grc' dir='ltr'><strong>διά</strong></span> <span class='ocrx_word' id='word_1_69' title='bbox 484 1489 522 1560; x_wconf 82' lang='grc' dir='ltr'><strong>τό</strong></span> <span class='ocrx_word' id='word_1_70' title='bbox 544 1497 604 1580; x_wconf 79' lang='grc' dir='ltr'><strong>μὲν</strong></span> <span class='ocrx_word' id='word_1_71' title='bbox 627 1499 723 1578; x_wconf 83' lang='grc' dir='ltr'><strong><em>σῶμα</em></strong></span> <span class='ocrx_word' id='word_1_72' title='bbox 751 1492 964 1573; x_wconf 74' lang='grc' dir='ltr'><strong><em>διαλύεσθαι,</em></strong></span> <span class='ocrx_word' id='word_1_73' title='bbox 993 1491 1052 1574; x_wconf 77' lang='grc' dir='ltr'><strong>τὴν</strong></span> <span class='ocrx_word' id='word_1_74' title='bbox 1076 1498 1110 1561; x_wconf 78' lang='grc' dir='ltr'><strong>δὲ</strong></span> <span class='ocrx_word' id='word_1_75' title='bbox 1133 1491 1219 1575; x_wconf 78' lang='grc' dir='ltr'><strong><em>ζωὴν</em></strong></span> <span class='ocrx_word' id='word_1_76' title='bbox 1241 1503 1285 1574; x_wconf 82' lang='grc' dir='ltr'><strong>είς</strong></span> <span class='ocrx_word' id='word_1_77' title='bbox 1307 1493 1345 1562; x_wconf 79' lang='grc' dir='ltr'><strong>’τδ</strong></span> <span class='ocrx_word' id='word_1_78' title='bbox 1368 1497 1459 1586; x_wconf 81' lang='grc' dir='ltr'><strong><em>ἀφα-</em></strong></span> 
     </span>
     <span class='ocr_line' id='line_1_9' title="bbox 404 1602 1459 1696; baseline 0.002 -25"><span class='ocrx_word' id='word_1_79' title='bbox 404 1610 457 1684; x_wconf 78' lang='grc' dir='ltr'><strong>νὲς</strong></span> <span class='ocrx_word' id='word_1_80' title='bbox 475 1617 595 1693; x_wconf 83' lang='grc' dir='ltr'><strong><em>χωρεῖν</em></strong></span> <span class='ocrx_word' id='word_1_81' title='bbox 616 1603 718 1672; x_wconf 84' lang='grc' dir='ltr'><strong><em>αὐτοῦ</em></strong></span> <span class='ocrx_word' id='word_1_82' title='bbox 739 1607 964 1690; x_wconf 80' lang='grc' dir='ltr'><strong><em>διαλυομένου.</em></strong></span> <span class='ocrx_word' id='word_1_83' title='bbox 1007 1602 1113 1690; x_wconf 82' lang='grc' dir='ltr'><strong><em>τούτῳ</em></strong></span> <span class='ocrx_word' id='word_1_84' title='bbox 1136 1609 1181 1689; x_wconf 81' lang='grc' dir='ltr'><strong>τῷ</strong></span> <span class='ocrx_word' id='word_1_85' title='bbox 1203 1603 1298 1690; x_wconf 78' lang='grc' dir='ltr'><strong><em>λόγῳ,</em></strong></span> <span class='ocrx_word' id='word_1_86' title='bbox 1321 1611 1459 1696; x_wconf 72' lang='grc' dir='ltr'><strong><em>φίλτατε</em></strong></span> 
     </span>
     <span class='ocr_line' id='line_1_10' title="bbox 404 1712 1492 1806; baseline 0.003 -23"><span class='ocrx_word' id='word_1_87' title='bbox 404 1743 464 1802; x_wconf 87' lang='grc' dir='ltr'><strong>μοι</strong></span> <span class='ocrx_word' id='word_1_88' title='bbox 487 1716 599 1804; x_wconf 79' lang='grc' dir='ltr'><strong><em>Ἑρμῆ,</em></strong></span> <span class='ocrx_word' id='word_1_89' title='bbox 627 1719 686 1781; x_wconf 82' lang='grc' dir='ltr'><strong>καὶ</strong></span> <span class='ocrx_word' id='word_1_90' title='bbox 705 1712 764 1785; x_wconf 83' lang='grc' dir='ltr'><strong>τόν</strong></span> <span class='ocrx_word' id='word_1_91' title='bbox 791 1714 932 1802; x_wconf 90' lang='grc' dir='ltr'><strong><em>κόσμου,</em></strong></span> <span class='ocrx_word' id='word_1_92' title='bbox 955 1715 998 1794; x_wconf 83' lang='grc' dir='ltr'><strong>ὡς</strong></span> <span class='ocrx_word' id='word_1_93' title='bbox 1020 1713 1159 1795; x_wconf 82' lang='grc' dir='ltr'><strong><em>ἀκούεις,</em></strong></span> <span class='ocrx_word' id='word_1_94' title='bbox 1182 1721 1269 1806; x_wconf 85' lang='grc' dir='ltr'><strong><em>φημὶ</em></strong></span> <span class='ocrx_word' id='word_1_95' title='bbox 1291 1716 1492 1804; x_wconf 55' lang='lat' dir='ltr'><strong>astolidi-tt</strong></span> 
     </span>
     <span class='ocr_line' id='line_1_11' title="bbox 403 1823 1458 1916; baseline 0.003 -23"><span class='ocrx_word' id='word_1_96' title='bbox 403 1831 536 1907; x_wconf 80' lang='grc' dir='ltr'><strong><em>λεσθαι,</em></strong></span> <span class='ocrx_word' id='word_1_97' title='bbox 559 1823 615 1894; x_wconf 90' lang='grc' dir='ltr'><strong>διά</strong></span> <span class='ocrx_word' id='word_1_98' title='bbox 636 1824 674 1894; x_wconf 85' lang='grc' dir='ltr'><strong>τό</strong></span> <span class='ocrx_word' id='word_1_99' title='bbox 697 1831 856 1913; x_wconf 76' lang='grc' dir='ltr'><strong><em>γίνεσθαι</em></strong></span> <span class='ocrx_word' id='word_1_100' title='bbox 876 1834 976 1915; x_wconf 83' lang='grc' dir='ltr'><strong><em>μέρος</em></strong></span> <span class='ocrx_word' id='word_1_101' title='bbox 999 1827 1101 1896; x_wconf 81' lang='grc' dir='ltr'><strong><em>αὐτοῦ</em></strong></span> <span class='ocrx_word' id='word_1_102' title='bbox 1122 1828 1209 1894; x_wconf 74' lang='grc' dir='ltr'><strong><em>καθ’</em></strong></span> <span class='ocrx_word' id='word_1_103' title='bbox 1228 1827 1369 1911; x_wconf 82' lang='grc' dir='ltr'><strong><em>έκάσεηυ</em></strong></span> <span class='ocrx_word' id='word_1_104' title='bbox 1384 1829 1458 1916; x_wconf 85' lang='grc' dir='ltr'><strong><em>ἡμί-</em></strong></span> 
     </span>
     <span class='ocr_line' id='line_1_12' title="bbox 402 1938 1458 2026; baseline 0.001 -19"><span class='ocrx_word' id='word_1_105' title='bbox 402 1964 466 2026; x_wconf 88' lang='grc' dir='ltr'><strong>ραν</strong></span> <span class='ocrx_word' id='word_1_106' title='bbox 488 1946 525 2005; x_wconf 82' lang='grc' dir='ltr'><strong>ἐν</strong></span> <span class='ocrx_word' id='word_1_107' title='bbox 545 1940 593 2022; x_wconf 71' lang='grc' dir='ltr'><strong>τῷ</strong></span> <span class='ocrx_word' id='word_1_108' title='bbox 614 1938 751 2026; x_wconf 80' lang='grc' dir='ltr'><strong><em>ἀφανεῖ,</em></strong></span> <span class='ocrx_word' id='word_1_109' title='bbox 779 1942 943 2025; x_wconf 79' lang='grc' dir='ltr'><strong><em>μηδέποτε</em></strong></span> <span class='ocrx_word' id='word_1_110' title='bbox 966 1942 1003 2006; x_wconf 83' lang='grc' dir='ltr'><strong>δὲ</strong></span> <span class='ocrx_word' id='word_1_111' title='bbox 1022 1938 1229 2008; x_wconf 78' lang='grc' dir='ltr'><strong><em>διαλύεσθαι.</em></strong></span> <span class='ocrx_word' id='word_1_112' title='bbox 1273 1945 1330 2008; x_wconf 82' lang='grc' dir='ltr'><strong>καὶ</strong></span> <span class='ocrx_word' id='word_1_113' title='bbox 1352 1939 1458 2008; x_wconf 77' lang='lat' dir='ltr'><strong>tonitui</strong></span> 
     </span>
     <span class='ocr_line' id='line_1_13' title="bbox 402 2045 1509 2144; baseline 0.004 -27"><span class='ocrx_word' id='word_1_114' title='bbox 402 2058 472 2118; x_wconf 73' lang='grc' dir='ltr'><strong><em>ἐστι</em></strong></span> <span class='ocrx_word' id='word_1_115' title='bbox 492 2045 536 2117; x_wconf 87' lang='grc' dir='ltr'><strong><em>τά</em></strong></span> <span class='ocrx_word' id='word_1_116' title='bbox 557 2054 619 2116; x_wconf 81' lang='grc' dir='ltr'><strong><em>τοῦ</em></strong></span> <span class='ocrx_word' id='word_1_117' title='bbox 638 2047 766 2134; x_wconf 84' lang='grc' dir='ltr'><strong><em>κόσμου</em></strong></span> <span class='ocrx_word' id='word_1_118' title='bbox 787 2047 903 2130; x_wconf 76' lang='grc' dir='ltr'><strong><em>πύθη,</em></strong></span> <span class='ocrx_word' id='word_1_119' title='bbox 930 2047 1073 2132; x_wconf 83' lang='grc' dir='ltr'><strong><em>δινήσεις</em></strong></span> <span class='ocrx_word' id='word_1_120' title='bbox 1094 2075 1128 2117; x_wconf 87' lang='grc' dir='ltr'><strong>τε</strong></span> <span class='ocrx_word' id='word_1_121' title='bbox 1151 2055 1207 2118; x_wconf 84' lang='grc' dir='ltr'><strong>καὶ</strong></span> <span class='ocrx_word' id='word_1_122' title='bbox 1228 2050 1378 2144; x_wconf 75' lang='grc' dir='ltr'><strong><em>κρύψεις·</em></strong></span> <span class='ocrx_word' id='word_1_123' title='bbox 1401 2057 1455 2118; x_wconf 81' lang='grc' dir='ltr'><strong>καὶ</strong></span> <span class='ocrx_word' id='word_1_124' title='bbox 1476 2071 1509 2122; x_wconf 79' lang='lat'><strong>12</strong></span> 
     </span>
     <span class='ocr_line' id='line_1_14' title="bbox 335 2158 1455 2252; baseline 0 -24"><span class='ocrx_word' id='word_1_125' title='bbox 335 2172 376 2239; x_wconf 86' lang='grc'><strong>16</strong></span> <span class='ocrx_word' id='word_1_126' title='bbox 399 2160 421 2242; x_wconf 80' lang='grc' dir='ltr'><strong><em>ἡ</em></strong></span> <span class='ocrx_word' id='word_1_127' title='bbox 445 2165 506 2246; x_wconf 83' lang='grc' dir='ltr'><strong>μὲν</strong></span> <span class='ocrx_word' id='word_1_128' title='bbox 528 2163 655 2241; x_wconf 88' lang='grc' dir='ltr'><strong><em>δίνησις</em></strong></span> <span class='ocrx_word' id='word_1_129' title='bbox 677 2158 822 2252; x_wconf 82' lang='grc' dir='ltr'><strong><em>στροφή,</em></strong></span> <span class='ocrx_word' id='word_1_130' title='bbox 844 2159 867 2240; x_wconf 82' lang='grc' dir='ltr'><strong><em>ἡ</em></strong></span> <span class='ocrx_word' id='word_1_131' title='bbox 890 2162 925 2226; x_wconf 83' lang='grc' dir='ltr'><strong>δὲ</strong></span> <span class='ocrx_word' id='word_1_132' title='bbox 953 2158 1073 2247; x_wconf 81' lang='grc' dir='ltr'><strong><em>κρύψις</em></strong></span> <span class='ocrx_word' id='word_1_133' title='bbox 1099 2159 1288 2238; x_wconf 80' lang='grc' dir='ltr'><strong><em>ἀνανέωσις.</em></strong></span> <span class='ocrx_word' id='word_1_134' title='bbox 1332 2161 1455 2228; x_wconf 80' lang='grc' dir='ltr'><strong><em>παντό-</em></strong></span> 
     </span>
     <span class='ocr_line' id='line_1_15' title="bbox 399 2266 1455 2358; baseline -0.001 -22"><span class='ocrx_word' id='word_1_135' title='bbox 399 2295 531 2358; x_wconf 87' lang='grc' dir='ltr'><strong><em>μορφος</em></strong></span> <span class='ocrx_word' id='word_1_136' title='bbox 552 2273 589 2335; x_wconf 79' lang='grc' dir='ltr'><strong>δέ</strong></span> <span class='ocrx_word' id='word_1_137' title='bbox 611 2278 699 2335; x_wconf 76' lang='grc' dir='ltr'><strong><em>ἐστιν</em></strong></span> <span class='ocrx_word' id='word_1_138' title='bbox 728 2270 747 2336; x_wconf 90' lang='grc' dir='ltr'>ὁ</span> <span class='ocrx_word' id='word_1_139' title='bbox 769 2267 909 2352; x_wconf 87' lang='grc' dir='ltr'><strong><em>κόσμος,</em></strong></span> <span class='ocrx_word' id='word_1_140' title='bbox 933 2267 973 2333; x_wconf 88' lang='grc' dir='ltr'><strong>σύ</strong></span> <span class='ocrx_word' id='word_1_141' title='bbox 993 2268 1054 2345; x_wconf 83' lang='grc' dir='ltr'><strong>τάς</strong></span> <span class='ocrx_word' id='word_1_142' title='bbox 1080 2266 1216 2357; x_wconf 80' lang='grc' dir='ltr'><strong><em>μορφὰς</em></strong></span> <span class='ocrx_word' id='word_1_143' title='bbox 1237 2267 1329 2344; x_wconf 76' lang='grc' dir='ltr'><strong><em>ἐκτὸς</em></strong></span> <span class='ocrx_word' id='word_1_144' title='bbox 1350 2277 1455 2354; x_wconf 82' lang='grc' dir='ltr'><strong><em>κειμέ-</em></strong></span> 
     </span>
     <span class='ocr_line' id='line_1_16' title="bbox 399 2371 1505 2464; baseline 0.003 -20"><span class='ocrx_word' id='word_1_145' title='bbox 399 2405 462 2456; x_wconf 87' lang='grc' dir='ltr'><strong>νας</strong></span> <span class='ocrx_word' id='word_1_146' title='bbox 489 2383 582 2464; x_wconf 79' lang='grc' dir='ltr'><strong><em>ίχων,</em></strong></span> <span class='ocrx_word' id='word_1_147' title='bbox 611 2385 646 2444; x_wconf 68' lang='grc' dir='ltr'><strong>ἐν</strong></span> <span class='ocrx_word' id='word_1_148' title='bbox 667 2383 773 2461; x_wconf 79' lang='grc' dir='ltr'><strong><em>ἐαυτῷ</em></strong></span> <span class='ocrx_word' id='word_1_149' title='bbox 796 2379 830 2441; x_wconf 77' lang='grc' dir='ltr'><strong>δὲ</strong></span> <span class='ocrx_word' id='word_1_150' title='bbox 859 2371 960 2450; x_wconf 84' lang='grc' dir='ltr'><strong><em>αὐτὸς</em></strong></span> <span class='ocrx_word' id='word_1_151' title='bbox 986 2374 1214 2461; x_wconf 74' lang='grc' dir='ltr'><strong><em>μεταβάλλων.</em></strong></span> <span class='ocrx_word' id='word_1_152' title='bbox 1260 2371 1505 2455; x_wconf 63' lang='lat' dir='ltr'><strong>turturinum</strong></span> 
     </span>
     <span class='ocr_line' id='line_1_17' title="bbox 399 2482 1453 2578; baseline 0.003 -23"><span class='ocrx_word' id='word_1_153' title='bbox 399 2487 524 2576; x_wconf 87' lang='grc' dir='ltr'><strong><em>κόσμος</em></strong></span> <span class='ocrx_word' id='word_1_154' title='bbox 536 2485 776 2577; x_wconf 82' lang='grc' dir='ltr'><strong><em>παντόμορφος</em></strong></span> <span class='ocrx_word' id='word_1_155' title='bbox 784 2491 931 2571; x_wconf 71' lang='grc' dir='ltr'><strong><em>νίγονευ,</em></strong></span> <span class='ocrx_word' id='word_1_156' title='bbox 954 2483 972 2551; x_wconf 91' lang='grc' dir='ltr'>ὁ</span> <span class='ocrx_word' id='word_1_157' title='bbox 994 2483 1136 2567; x_wconf 83' lang='grc' dir='ltr'><strong><em>ποιήσας</em></strong></span> <span class='ocrx_word' id='word_1_158' title='bbox 1150 2491 1183 2553; x_wconf 85' lang='grc' dir='ltr'><strong>τί</strong></span> <span class='ocrx_word' id='word_1_159' title='bbox 1198 2482 1241 2554; x_wconf 88' lang='grc' dir='ltr'><strong>ἀν</strong></span> <span class='ocrx_word' id='word_1_160' title='bbox 1263 2489 1328 2574; x_wconf 60' lang='lat' dir='ltr'><strong>sinn</strong></span> <span class='ocrx_word' id='word_1_161' title='bbox 1351 2487 1453 2578; x_wconf 85' lang='grc' dir='ltr'><strong><em>ἀμορ-</em></strong></span> 
     </span>
    </p>
   </div>
   <div class='ocr_carea' id='block_1_3' title="bbox 463 2718 1555 3226">
    <p class='ocr_par' dir='ltr' id='par_1_3' title="bbox 463 2718 1555 3226">
     <span class='ocr_line' id='line_1_18' title="bbox 466 2718 1555 2792; baseline 0.003 -14"><span class='ocrx_word' id='word_1_162' title='bbox 466 2725 492 2778; x_wconf 85' lang='grc'><strong><em>6.</em></strong></span> <span class='ocrx_word' id='word_1_163' title='bbox 510 2728 539 2777; x_wconf 83' lang='grc' dir='ltr'><strong><em>οί</em></strong></span> <span class='ocrx_word' id='word_1_164' title='bbox 556 2721 630 2789; x_wconf 69' lang='lat' dir='ltr'><strong>tuuf]</strong></span> <span class='ocrx_word' id='word_1_165' title='bbox 646 2721 681 2774; x_wconf 84' lang='lat' dir='ltr'><strong>sic</strong></span> <span class='ocrx_word' id='word_1_166' title='bbox 700 2718 787 2785; x_wconf 69' lang='lat' dir='ltr'><strong>Patr,-</strong></span> <span class='ocrx_word' id='word_1_167' title='bbox 800 2743 851 2776; x_wconf 84' lang='lat' dir='ltr'><strong>om.</strong></span> <span class='ocrx_word' id='word_1_168' title='bbox 868 2722 971 2792; x_wconf 74' lang='lat' dir='ltr'><strong>reliqui.</strong></span> <span class='ocrx_word' id='word_1_169' title='bbox 1041 2723 1066 2778; x_wconf 84' lang='lat'><strong>8.</strong></span> <span class='ocrx_word' id='word_1_170' title='bbox 1085 2719 1180 2790; x_wconf 79' lang='grc' dir='ltr'><strong>αύτοῦ]</strong></span> <span class='ocrx_word' id='word_1_171' title='bbox 1197 2725 1234 2777; x_wconf 81' lang='lat' dir='ltr'><strong>sic</strong></span> <span class='ocrx_word' id='word_1_172' title='bbox 1252 2725 1338 2791; x_wconf 67' lang='lat' dir='ltr'><strong>Tiso,</strong></span> <span class='ocrx_word' id='word_1_173' title='bbox 1360 2729 1410 2780; x_wconf 82' lang='grc' dir='ltr'><strong><em>τοῦ</em></strong></span> <span class='ocrx_word' id='word_1_174' title='bbox 1429 2736 1451 2780; x_wconf 80' lang='lat' dir='ltr'>A</span> <span class='ocrx_word' id='word_1_175' title='bbox 1553 2719 1555 2722; x_wconf 32' lang='lat'>⁵</span> 
     </span>
     <span class='ocr_line' id='line_1_19' title="bbox 467 2803 1451 2882; baseline 0.003 -20"><span class='ocrx_word' id='word_1_176' title='bbox 467 2811 546 2862; x_wconf 84' lang='lat' dir='ltr'><strong>Turn.</strong></span> <span class='ocrx_word' id='word_1_177' title='bbox 574 2811 670 2873; x_wconf 66' lang='lat' dir='ltr'><strong>Flam,</strong></span> <span class='ocrx_word' id='word_1_178' title='bbox 697 2811 734 2862; x_wconf 83' lang='grc' dir='ltr'><strong><em>τά</em></strong></span> <span class='ocrx_word' id='word_1_179' title='bbox 756 2809 792 2873; x_wconf 86' lang='grc' dir='ltr'><strong>Β,</strong></span> <span class='ocrx_word' id='word_1_180' title='bbox 820 2830 870 2862; x_wconf 85' lang='lat' dir='ltr'><strong>om.</strong></span> <span class='ocrx_word' id='word_1_181' title='bbox 899 2810 964 2862; x_wconf 74' lang='lat' dir='ltr'><strong>Patr.</strong></span> <span class='ocrx_word' id='word_1_182' title='bbox 990 2803 1004 2878; x_wconf 86' lang='grc' dir='ltr'><strong>ΙΙ</strong></span> <span class='ocrx_word' id='word_1_183' title='bbox 1065 2810 1224 2882; x_wconf 82' lang='grc' dir='ltr'><strong><em>διαλυόμενα</em></strong></span> <span class='ocrx_word' id='word_1_184' title='bbox 1246 2812 1282 2874; x_wconf 92' lang='grc' dir='ltr'><strong>Β,</strong></span> <span class='ocrx_word' id='word_1_185' title='bbox 1310 2833 1361 2864; x_wconf 89' lang='lat' dir='ltr'><strong>om.</strong></span> <span class='ocrx_word' id='word_1_186' title='bbox 1386 2814 1451 2867; x_wconf 79' lang='lat' dir='ltr'><strong>Patr.</strong></span> 
     </span>
     <span class='ocr_line' id='line_1_20' title="bbox 466 2893 1450 2970; baseline 0.002 -20"><span class='ocrx_word' id='word_1_187' title='bbox 466 2897 492 2950; x_wconf 77' lang='grc'><strong><em>9.</em></strong></span> <span class='ocrx_word' id='word_1_188' title='bbox 509 2911 566 2968; x_wconf 82' lang='lat' dir='ltr'><strong>post</strong></span> <span class='ocrx_word' id='word_1_189' title='bbox 583 2893 684 2966; x_wconf 82' lang='grc' dir='ltr'><strong><em>κόσμον</em></strong></span> <span class='ocrx_word' id='word_1_190' title='bbox 702 2895 761 2947; x_wconf 82' lang='lat' dir='ltr'>libri</span> <span class='ocrx_word' id='word_1_191' title='bbox 779 2897 836 2947; x_wconf 80' lang='lat' dir='ltr'><strong>add.</strong></span> <span class='ocrx_word' id='word_1_192' title='bbox 855 2897 1033 2966; x_wconf 66' lang='grc' dir='ltr'><strong><em>δεισιδαίμων,</em></strong></span> <span class='ocrx_word' id='word_1_193' title='bbox 1052 2917 1102 2950; x_wconf 88' lang='lat' dir='ltr'><strong>orn.</strong></span> <span class='ocrx_word' id='word_1_194' title='bbox 1121 2897 1187 2950; x_wconf 76' lang='lat' dir='ltr'><strong>Patr.</strong></span> <span class='ocrx_word' id='word_1_195' title='bbox 1208 2894 1222 2968; x_wconf 82' lang='grc' dir='ltr'>Η</span> <span class='ocrx_word' id='word_1_196' title='bbox 1261 2897 1338 2970; x_wconf 79' lang='grc' dir='ltr'><strong><em>φημὶ]</em></strong></span> <span class='ocrx_word' id='word_1_197' title='bbox 1358 2903 1383 2954; x_wconf 87' lang='grc' dir='ltr'><strong>εί</strong></span> <span class='ocrx_word' id='word_1_198' title='bbox 1399 2923 1450 2970; x_wconf 77' lang='grc' dir='ltr'><strong>φη-</strong></span> 
     </span>
     <span class='ocr_line' id='line_1_21' title="bbox 465 2977 1448 3054; baseline 0.003 -20"><span class='ocrx_word' id='word_1_199' title='bbox 465 3006 497 3054; x_wconf 85' lang='grc' dir='ltr'><strong><em>μι</em></strong></span> <span class='ocrx_word' id='word_1_200' title='bbox 514 2984 544 3035; x_wconf 89' lang='grc' dir='ltr'><strong><em>Β.</em></strong></span> <span class='ocrx_word' id='word_1_201' title='bbox 627 2980 668 3034; x_wconf 92' lang='lat' dir='ltr'><strong>ll.</strong></span> <span class='ocrx_word' id='word_1_202' title='bbox 688 2985 715 3034; x_wconf 78' lang='grc' dir='ltr'><strong>δὲ</strong></span> <span class='ocrx_word' id='word_1_203' title='bbox 734 3002 784 3034; x_wconf 85' lang='lat' dir='ltr'><strong>oru.</strong></span> <span class='ocrx_word' id='word_1_204' title='bbox 804 2984 827 3034; x_wconf 80' lang='grc' dir='ltr'>Α</span> <span class='ocrx_word' id='word_1_205' title='bbox 846 2980 927 3034; x_wconf 85' lang='lat' dir='ltr'><strong>Turn.</strong></span> <span class='ocrx_word' id='word_1_206' title='bbox 946 2982 1026 3036; x_wconf 82' lang='lat' dir='ltr'><strong>Fluss.</strong></span> <span class='ocrx_word' id='word_1_207' title='bbox 1047 2977 1060 3052; x_wconf 82' lang='grc' dir='ltr'><strong>ΙΙ</strong></span> <span class='ocrx_word' id='word_1_208' title='bbox 1092 2981 1206 3038; x_wconf 77' lang='grc' dir='ltr'><strong><em>λύεσθαι</em></strong></span> <span class='ocrx_word' id='word_1_209' title='bbox 1223 2984 1289 3036; x_wconf 78' lang='lat' dir='ltr'><strong>Patr.</strong></span> <span class='ocrx_word' id='word_1_210' title='bbox 1365 2979 1412 3038; x_wconf 71' lang='lat' dir='ltr'><strong>if.</strong></span> <span class='ocrx_word' id='word_1_211' title='bbox 1433 2984 1448 3037; x_wconf 89' lang='grc' dir='ltr'>ὁ</span> 
     </span>
     <span class='ocr_line' id='line_1_22' title="bbox 464 3067 1451 3140; baseline 0 -18"><span class='ocrx_word' id='word_1_212' title='bbox 464 3071 565 3140; x_wconf 83' lang='grc' dir='ltr'><strong><em>κόσμος</em></strong></span> <span class='ocrx_word' id='word_1_213' title='bbox 582 3090 635 3123; x_wconf 85' lang='lat' dir='ltr'><strong>om.</strong></span> <span class='ocrx_word' id='word_1_214' title='bbox 652 3067 698 3120; x_wconf 77' lang='lat' dir='ltr'><strong>AB</strong></span> <span class='ocrx_word' id='word_1_215' title='bbox 718 3069 798 3121; x_wconf 87' lang='lat' dir='ltr'><strong>Turn.</strong></span> <span class='ocrx_word' id='word_1_216' title='bbox 815 3069 896 3122; x_wconf 84' lang='lat' dir='ltr'><strong>Fiuss.</strong></span> <span class='ocrx_word' id='word_1_217' title='bbox 964 3069 1006 3121; x_wconf 83' lang='grc'><strong><em>14.</em></strong></span> <span class='ocrx_word' id='word_1_218' title='bbox 1028 3069 1068 3120; x_wconf 81' lang='grc'><strong><em>15.</em></strong></span> <span class='ocrx_word' id='word_1_219' title='bbox 1086 3070 1161 3130; x_wconf 70' lang='grc' dir='ltr'><strong><em>ἐκτὸς</em></strong></span> <span class='ocrx_word' id='word_1_220' title='bbox 1178 3067 1306 3140; x_wconf 76' lang='grc' dir='ltr'><strong><em>κειμένας]</em></strong></span> <span class='ocrx_word' id='word_1_221' title='bbox 1325 3069 1359 3122; x_wconf 82' lang='lat' dir='ltr'><strong>sic</strong></span> <span class='ocrx_word' id='word_1_222' title='bbox 1377 3071 1451 3132; x_wconf 68' lang='lat' dir='ltr'><strong>Patr„</strong></span> 
     </span>
     <span class='ocr_line' id='line_1_23' title="bbox 463 3152 1449 3226; baseline -0.003 -16"><span class='ocrx_word' id='word_1_223' title='bbox 463 3161 610 3226; x_wconf 72' lang='grc' dir='ltr'><strong><em>ίκκειμίνας</em></strong></span> <span class='ocrx_word' id='word_1_224' title='bbox 629 3156 651 3205; x_wconf 79' lang='grc' dir='ltr'><strong>Α</strong></span> <span class='ocrx_word' id='word_1_225' title='bbox 680 3155 761 3222; x_wconf 73' lang='lat' dir='ltr'><strong>Verg.‚</strong></span> <span class='ocrx_word' id='word_1_226' title='bbox 779 3156 925 3226; x_wconf 77' lang='grc' dir='ltr'><strong><em>ίμκειμίνας</em></strong></span> <span class='ocrx_word' id='word_1_227' title='bbox 943 3153 965 3205; x_wconf 87' lang='grc' dir='ltr'>Β</span> <span class='ocrx_word' id='word_1_228' title='bbox 984 3154 1061 3206; x_wconf 88' lang='lat' dir='ltr'><strong>Turn.</strong></span> <span class='ocrx_word' id='word_1_229' title='bbox 1082 3155 1164 3206; x_wconf 83' lang='lat' dir='ltr'><strong>Fluss.</strong></span> <span class='ocrx_word' id='word_1_230' title='bbox 1221 3155 1262 3208; x_wconf 80' lang='grc'><strong>15.</strong></span> <span class='ocrx_word' id='word_1_231' title='bbox 1282 3160 1332 3222; x_wconf 70' lang='grc' dir='ltr'><strong><em>λχει</em></strong></span> <span class='ocrx_word' id='word_1_232' title='bbox 1349 3155 1413 3209; x_wconf 76' lang='lat' dir='ltr'><strong>Patr.</strong></span> <span class='ocrx_word' id='word_1_233' title='bbox 1436 3152 1449 3225; x_wconf 76' lang='grc' dir='ltr'>Η</span> 
     </span>
    </p>
   </div>
   <div class='ocr_carea' id='block_1_4' title="bbox 462 3241 704 3312">
    <p class='ocr_par' dir='ltr' id='par_1_4' title="bbox 462 3241 704 3312">
     <span class='ocr_line' id='line_1_24' title="bbox 462 3241 704 3312; baseline -0.008 -16"><span class='ocrx_word' id='word_1_234' title='bbox 462 3242 620 3312; x_wconf 77' lang='grc' dir='ltr'><strong><em>μεταβάλλει</em></strong></span> <span class='ocrx_word' id='word_1_235' title='bbox 637 3241 704 3294; x_wconf 76' lang='lat' dir='ltr'><strong>Patr.</strong></span> 
     </span>
    </p>
   </div>
   <div class='ocr_carea' id='block_1_5' title="bbox 388 3449 1447 4472">
    <p class='ocr_par' dir='ltr' id='par_1_5' title="bbox 388 3449 1447 4472">
     <span class='ocr_line' id='line_1_25' title="bbox 393 3449 1447 3530; baseline 0.001 -20"><span class='ocrx_word' id='word_1_236' title='bbox 393 3477 407 3510; x_wconf 84' lang='lat' dir='ltr'><strong>o</strong></span> <span class='ocrx_word' id='word_1_237' title='bbox 427 3455 478 3510; x_wconf 84' lang='lat' dir='ltr'><strong>deo</strong></span> <span class='ocrx_word' id='word_1_238' title='bbox 498 3456 579 3530; x_wconf 79' lang='lat' dir='ltr'><strong>igitur</strong></span> <span class='ocrx_word' id='word_1_239' title='bbox 595 3454 665 3510; x_wconf 89' lang='lat' dir='ltr'><strong>fiuut</strong></span> <span class='ocrx_word' id='word_1_240' title='bbox 683 3455 778 3507; x_wconf 83' lang='lat' dir='ltr'><strong>omnis.</strong></span> <span class='ocrx_word' id='word_1_241' title='bbox 814 3452 869 3504; x_wconf 79' lang='lat' dir='ltr'><strong>vitu</strong></span> <span class='ocrx_word' id='word_1_242' title='bbox 881 3467 947 3504; x_wconf 83' lang='lat' dir='ltr'><strong>vero</strong></span> <span class='ocrx_word' id='word_1_243' title='bbox 959 3449 1023 3502; x_wconf 89' lang='lat' dir='ltr'><strong>uuio</strong></span> <span class='ocrx_word' id='word_1_244' title='bbox 1043 3457 1084 3503; x_wconf 84' lang='lat' dir='ltr'><strong>est</strong></span> <span class='ocrx_word' id='word_1_245' title='bbox 1096 3451 1194 3504; x_wconf 84' lang='lat' dir='ltr'><strong>mentis</strong></span> <span class='ocrx_word' id='word_1_246' title='bbox 1207 3459 1234 3504; x_wconf 84' lang='lat' dir='ltr'><strong>et</strong></span> <span class='ocrx_word' id='word_1_247' title='bbox 1246 3452 1355 3519; x_wconf 80' lang='lat' dir='ltr'><strong>unimus,</strong></span> <span class='ocrx_word' id='word_1_248' title='bbox 1373 3471 1447 3512; x_wconf 86' lang='lat' dir='ltr'><strong>mors</strong></span> 
     </span>
     <span class='ocr_line' id='line_1_26' title="bbox 391 3533 1393 3615; baseline -0.004 -17"><span class='ocrx_word' id='word_1_249' title='bbox 391 3561 457 3599; x_wconf 79' lang='lat' dir='ltr'><strong>vero</strong></span> <span class='ocrx_word' id='word_1_250' title='bbox 475 3561 529 3596; x_wconf 92' lang='lat' dir='ltr'><strong>uou</strong></span> <span class='ocrx_word' id='word_1_251' title='bbox 550 3551 592 3596; x_wconf 82' lang='lat' dir='ltr'><strong>est</strong></span> <span class='ocrx_word' id='word_1_252' title='bbox 610 3537 726 3615; x_wconf 75' lang='lat' dir='ltr'><strong>perditio</strong></span> <span class='ocrx_word' id='word_1_253' title='bbox 745 3553 837 3590; x_wconf 81' lang='lat' dir='ltr'><strong>eorum</strong></span> <span class='ocrx_word' id='word_1_254' title='bbox 856 3553 924 3608; x_wconf 81' lang='lat' dir='ltr'><strong>quoe</strong></span> <span class='ocrx_word' id='word_1_255' title='bbox 943 3533 1072 3600; x_wconf 84' lang='lat' dir='ltr'><strong>coierunt,</strong></span> <span class='ocrx_word' id='word_1_256' title='bbox 1091 3535 1140 3590; x_wconf 80' lang='lat' dir='ltr'><strong>sed</strong></span> <span class='ocrx_word' id='word_1_257' title='bbox 1159 3533 1259 3591; x_wconf 82' lang='lat' dir='ltr'><strong>solutio</strong></span> <span class='ocrx_word' id='word_1_258' title='bbox 1278 3539 1393 3595; x_wconf 84' lang='lat' dir='ltr'><strong>unionis.</strong></span> 
     </span>
     <span class='ocr_line' id='line_1_27' title="bbox 444 3618 1446 3700; baseline 0 -18"><span class='ocrx_word' id='word_1_259' title='bbox 444 3628 495 3682; x_wconf 85' lang='lat' dir='ltr'><strong>Est</strong></span> <span class='ocrx_word' id='word_1_260' title='bbox 507 3629 588 3700; x_wconf 78' lang='lat' dir='ltr'><strong>igitur</strong></span> <span class='ocrx_word' id='word_1_261' title='bbox 599 3627 684 3695; x_wconf 77' lang='lat' dir='ltr'><strong>imago</strong></span> <span class='ocrx_word' id='word_1_262' title='bbox 697 3619 741 3674; x_wconf 84' lang='lat' dir='ltr'><strong>dei</strong></span> <span class='ocrx_word' id='word_1_263' title='bbox 759 3637 835 3686; x_wconf 80' lang='lat' dir='ltr'><strong>aeon,</strong></span> <span class='ocrx_word' id='word_1_264' title='bbox 854 3618 1082 3687; x_wconf 67' lang='lat' dir='ltr'><strong>remismundus,</strong></span> <span class='ocrx_word' id='word_1_265' title='bbox 1102 3621 1194 3678; x_wconf 85' lang='lat' dir='ltr'><strong>mundi</strong></span> <span class='ocrx_word' id='word_1_266' title='bbox 1207 3621 1257 3690; x_wconf 87' lang='lat' dir='ltr'><strong>sol,</strong></span> <span class='ocrx_word' id='word_1_267' title='bbox 1277 3622 1344 3680; x_wconf 88' lang='lat' dir='ltr'><strong>solis</strong></span> <span class='ocrx_word' id='word_1_268' title='bbox 1358 3625 1446 3682; x_wconf 88' lang='lat' dir='ltr'><strong>homo.</strong></span> 
     </span>
     <span class='ocr_line' id='line_1_28' title="bbox 391 3704 1446 3788; baseline 0 -20"><span class='ocrx_word' id='word_1_269' title='bbox 391 3715 565 3768; x_wconf 78' lang='lat' dir='ltr'><strong>mutationem</strong></span> <span class='ocrx_word' id='word_1_270' title='bbox 582 3726 647 3764; x_wconf 82' lang='lat' dir='ltr'><strong>vero</strong></span> <span class='ocrx_word' id='word_1_271' title='bbox 668 3715 781 3760; x_wconf 84' lang='lat' dir='ltr'><strong>mortem</strong></span> <span class='ocrx_word' id='word_1_272' title='bbox 798 3704 921 3760; x_wconf 80' lang='lat' dir='ltr'><strong>hominus</strong></span> <span class='ocrx_word' id='word_1_273' title='bbox 946 3704 1038 3760; x_wconf 79' lang='lat' dir='ltr'><strong>dieunt</strong></span> <span class='ocrx_word' id='word_1_274' title='bbox 1056 3726 1101 3775; x_wconf 88' lang='lat' dir='ltr'><strong>eo,</strong></span> <span class='ocrx_word' id='word_1_275' title='bbox 1124 3707 1198 3783; x_wconf 78' lang='lat' dir='ltr'><strong>quod</strong></span> <span class='ocrx_word' id='word_1_276' title='bbox 1221 3711 1446 3788; x_wconf 64' lang='lat' dir='ltr'><strong>eorpus‘quidnur</strong></span> 
     </span>
     <span class='ocr_line' id='line_1_29' title="bbox 391 3789 1444 3865; baseline 0.001 -14"><span class='ocrx_word' id='word_1_277' title='bbox 391 3797 519 3859; x_wconf 75' lang='lat' dir='ltr'><strong>solvitur,</strong></span> <span class='ocrx_word' id='word_1_278' title='bbox 537 3796 593 3848; x_wconf 76' lang='lat' dir='ltr'><strong>vito</strong></span> <span class='ocrx_word' id='word_1_279' title='bbox 611 3809 675 3845; x_wconf 78' lang='lat' dir='ltr'><strong>vero</strong></span> <span class='ocrx_word' id='word_1_280' title='bbox 694 3810 725 3844; x_wconf 90' lang='lat' dir='ltr'><strong>eo</strong></span> <span class='ocrx_word' id='word_1_281' title='bbox 744 3789 878 3848; x_wconf 82' lang='lat' dir='ltr'><strong>dissoluto</strong></span> <span class='ocrx_word' id='word_1_282' title='bbox 895 3793 924 3847; x_wconf 91' lang='lat' dir='ltr'><strong>iu</strong></span> <span class='ocrx_word' id='word_1_283' title='bbox 941 3791 1085 3848; x_wconf 74' lang='lat' dir='ltr'><strong>obsomum</strong></span> <span class='ocrx_word' id='word_1_284' title='bbox 1103 3793 1166 3850; x_wconf 76' lang='lat' dir='ltr'><strong>abit.</strong></span> <span class='ocrx_word' id='word_1_285' title='bbox 1203 3794 1255 3853; x_wconf 81' lang='lat' dir='ltr'><strong>hoo</strong></span> <span class='ocrx_word' id='word_1_286' title='bbox 1273 3817 1408 3865; x_wconf 80' lang='lat' dir='ltr'><strong>sermone,</strong></span> <span class='ocrx_word' id='word_1_287' title='bbox 1428 3818 1444 3852; x_wconf 94' lang='grc' dir='ltr'><strong><em>ο</em></strong></span> 
     </span>
     <span class='ocr_line' id='line_1_30' title="bbox 392 3874 1444 3948; baseline -0.001 -11"><span class='ocrx_word' id='word_1_288' title='bbox 392 3879 567 3937; x_wconf 81' lang='lat' dir='ltr'><strong>dilectissime</strong></span> <span class='ocrx_word' id='word_1_289' title='bbox 584 3874 649 3930; x_wconf 87' lang='lat' dir='ltr'><strong>mihi</strong></span> <span class='ocrx_word' id='word_1_290' title='bbox 667 3875 788 3944; x_wconf 78' lang='lat' dir='ltr'><strong>Hormos,</strong></span> <span class='ocrx_word' id='word_1_291' title='bbox 806 3882 884 3933; x_wconf 74' lang='lat' dir='ltr'><strong>etiam</strong></span> <span class='ocrx_word' id='word_1_292' title='bbox 903 3877 1040 3945; x_wconf 84' lang='lat' dir='ltr'><strong>mundum,</strong></span> <span class='ocrx_word' id='word_1_293' title='bbox 1059 3889 1088 3935; x_wconf 90' lang='lat' dir='ltr'><strong>ut</strong></span> <span class='ocrx_word' id='word_1_294' title='bbox 1106 3879 1191 3947; x_wconf 82' lang='lat' dir='ltr'><strong>sudis,</strong></span> <span class='ocrx_word' id='word_1_295' title='bbox 1210 3882 1271 3939; x_wconf 81' lang='lat' dir='ltr'><strong>dieo</strong></span> <span class='ocrx_word' id='word_1_296' title='bbox 1289 3887 1384 3940; x_wconf 69' lang='lat' dir='ltr'><strong>mutari</strong></span> <span class='ocrx_word' id='word_1_297' title='bbox 1403 3903 1444 3948; x_wconf 84' lang='lat' dir='ltr'><strong>eo,</strong></span> 
     </span>
     <span class='ocr_line' id='line_1_31' title="bbox 391 3961 1442 4043; baseline 0.003 -22"><span class='ocrx_word' id='word_1_298' title='bbox 391 3966 463 4043; x_wconf 82' lang='lat' dir='ltr'><strong>quod</strong></span> <span class='ocrx_word' id='word_1_299' title='bbox 481 3981 545 4041; x_wconf 80' lang='lat' dir='ltr'><strong>pars</strong></span> <span class='ocrx_word' id='word_1_300' title='bbox 564 3963 621 4017; x_wconf 84' lang='lat' dir='ltr'><strong>eius</strong></span> <span class='ocrx_word' id='word_1_301' title='bbox 639 3961 727 4039; x_wconf 74' lang='lat' dir='ltr'><strong>aliquo</strong></span> <span class='ocrx_word' id='word_1_302' title='bbox 745 3964 792 4019; x_wconf 77' lang='lat' dir='ltr'><strong>fiat</strong></span> <span class='ocrx_word' id='word_1_303' title='bbox 809 3963 931 4040; x_wconf 78' lang='lat' dir='ltr'><strong>quotidie</strong></span> <span class='ocrx_word' id='word_1_304' title='bbox 942 3964 1096 4034; x_wconf 83' lang='lat' dir='ltr'><strong>invisibilis,</strong></span> <span class='ocrx_word' id='word_1_305' title='bbox 1115 3985 1248 4042; x_wconf 77' lang='lat' dir='ltr'><strong>uunquam</strong></span> <span class='ocrx_word' id='word_1_306' title='bbox 1262 3979 1348 4023; x_wconf 81' lang='lat' dir='ltr'><strong>tumen</strong></span> <span class='ocrx_word' id='word_1_307' title='bbox 1365 3967 1442 4024; x_wconf 82' lang='lat' dir='ltr'><strong>solvi.</strong></span> 
     </span>
     <span class='ocr_line' id='line_1_32' title="bbox 391 4048 1442 4128; baseline 0.002 -22"><span class='ocrx_word' id='word_1_308' title='bbox 391 4061 418 4106; x_wconf 82' lang='lat' dir='ltr'><strong>ot</strong></span> <span class='ocrx_word' id='word_1_309' title='bbox 436 4050 487 4103; x_wconf 77' lang='lat' dir='ltr'><strong>hro</strong></span> <span class='ocrx_word' id='word_1_310' title='bbox 508 4058 573 4104; x_wconf 88' lang='lat' dir='ltr'><strong>sunt</strong></span> <span class='ocrx_word' id='word_1_311' title='bbox 594 4048 687 4105; x_wconf 86' lang='lat' dir='ltr'><strong>muudi</strong></span> <span class='ocrx_word' id='word_1_312' title='bbox 711 4053 866 4127; x_wconf 79' lang='lat' dir='ltr'><strong>passiones,</strong></span> <span class='ocrx_word' id='word_1_313' title='bbox 890 4052 1035 4125; x_wconf 78' lang='lat' dir='ltr'><strong>vertigines</strong></span> <span class='ocrx_word' id='word_1_314' title='bbox 1059 4052 1265 4115; x_wconf 62' lang='lat' dir='ltr'><strong>occultationem</strong></span> <span class='ocrx_word' id='word_1_315' title='bbox 1290 4063 1317 4106; x_wconf 83' lang='lat' dir='ltr'><strong>et</strong></span> <span class='ocrx_word' id='word_1_316' title='bbox 1338 4055 1442 4128; x_wconf 77' lang='lat' dir='ltr'><strong>vertigo</strong></span> 
     </span>
     <span class='ocr_line' id='line_1_33' title="bbox 389 4135 1440 4212; baseline 0.005 -22"><span class='ocrx_word' id='word_1_317' title='bbox 389 4135 496 4212; x_wconf 78' lang='lat' dir='ltr'><strong>quidum</strong></span> <span class='ocrx_word' id='word_1_318' title='bbox 520 4145 562 4191; x_wconf 84' lang='lat' dir='ltr'><strong>est</strong></span> <span class='ocrx_word' id='word_1_319' title='bbox 579 4135 724 4204; x_wconf 77' lang='lat' dir='ltr'><strong>revolutio,</strong></span> <span class='ocrx_word' id='word_1_320' title='bbox 748 4136 894 4192; x_wconf 76' lang='lat' dir='ltr'><strong>occultatio</strong></span> <span class='ocrx_word' id='word_1_321' title='bbox 918 4155 983 4191; x_wconf 82' lang='lat' dir='ltr'><strong>vero</strong></span> <span class='ocrx_word' id='word_1_322' title='bbox 1006 4139 1153 4192; x_wconf 78' lang='lat' dir='ltr'><strong>renovatio.</strong></span> <span class='ocrx_word' id='word_1_323' title='bbox 1191 4137 1356 4194; x_wconf 78' lang='lat' dir='ltr'><strong>omniformis</strong></span> <span class='ocrx_word' id='word_1_324' title='bbox 1375 4159 1440 4196; x_wconf 81' lang='lat' dir='ltr'><strong>vero</strong></span> 
     </span>
     <span class='ocr_line' id='line_1_34' title="bbox 389 4221 1440 4302; baseline 0.004 -26"><span class='ocrx_word' id='word_1_325' title='bbox 389 4231 431 4276; x_wconf 86' lang='lat' dir='ltr'><strong>est</strong></span> <span class='ocrx_word' id='word_1_326' title='bbox 447 4221 575 4290; x_wconf 82' lang='lat' dir='ltr'><strong>muudus,</strong></span> <span class='ocrx_word' id='word_1_327' title='bbox 597 4242 651 4278; x_wconf 91' lang='lat' dir='ltr'><strong>uon</strong></span> <span class='ocrx_word' id='word_1_328' title='bbox 675 4222 782 4297; x_wconf 82' lang='lat' dir='ltr'><strong>quidem</strong></span> <span class='ocrx_word' id='word_1_329' title='bbox 805 4221 904 4277; x_wconf 80' lang='lat' dir='ltr'><strong>formas</strong></span> <span class='ocrx_word' id='word_1_330' title='bbox 927 4232 1003 4278; x_wconf 77' lang='lat' dir='ltr'><strong>extra</strong></span> <span class='ocrx_word' id='word_1_331' title='bbox 1028 4243 1058 4278; x_wconf 83' lang='lat' dir='ltr'><strong>so</strong></span> <span class='ocrx_word' id='word_1_332' title='bbox 1081 4223 1194 4289; x_wconf 78' lang='lat' dir='ltr'><strong>habeus,</strong></span> <span class='ocrx_word' id='word_1_333' title='bbox 1217 4223 1266 4278; x_wconf 86' lang='lat' dir='ltr'><strong>sed</strong></span> <span class='ocrx_word' id='word_1_334' title='bbox 1284 4225 1312 4278; x_wconf 89' lang='lat' dir='ltr'><strong>in</strong></span> <span class='ocrx_word' id='word_1_335' title='bbox 1330 4243 1361 4278; x_wconf 84' lang='lat' dir='ltr'><strong>so</strong></span> <span class='ocrx_word' id='word_1_336' title='bbox 1379 4227 1440 4302; x_wconf 85' lang='lat' dir='ltr'><strong>ipso</strong></span> 
     </span>
     <span class='ocr_line' id='line_1_35' title="bbox 388 4307 1439 4386; baseline 0.003 -22"><span class='ocrx_word' id='word_1_337' title='bbox 388 4319 501 4365; x_wconf 65' lang='lat' dir='ltr'><strong>munus.</strong></span> <span class='ocrx_word' id='word_1_338' title='bbox 541 4329 601 4366; x_wconf 89' lang='lat' dir='ltr'><strong>oum</strong></span> <span class='ocrx_word' id='word_1_339' title='bbox 622 4310 704 4383; x_wconf 85' lang='lat' dir='ltr'><strong>igitur</strong></span> <span class='ocrx_word' id='word_1_340' title='bbox 726 4307 840 4363; x_wconf 79' lang='lat' dir='ltr'><strong>muudus</strong></span> <span class='ocrx_word' id='word_1_341' title='bbox 864 4307 1028 4363; x_wconf 78' lang='lat' dir='ltr'><strong>omniformis</strong></span> <span class='ocrx_word' id='word_1_342' title='bbox 1052 4311 1100 4374; x_wconf 82' lang='lat' dir='ltr'><strong>sit,</strong></span> <span class='ocrx_word' id='word_1_343' title='bbox 1124 4309 1209 4365; x_wconf 86' lang='lat' dir='ltr'><strong>furtor</strong></span> <span class='ocrx_word' id='word_1_344' title='bbox 1231 4312 1289 4366; x_wconf 77' lang='lat' dir='ltr'><strong>eius</strong></span> <span class='ocrx_word' id='word_1_345' title='bbox 1314 4310 1439 4386; x_wconf 75' lang='lat' dir='ltr'><strong>quidnam</strong></span> 
     </span>
     <span class='ocr_line' id='line_1_36' title="bbox 388 4392 1439 4472; baseline 0 -20"><span class='ocrx_word' id='word_1_346' title='bbox 388 4395 457 4452; x_wconf 78' lang='lat' dir='ltr'><strong>eniti</strong></span> <span class='ocrx_word' id='word_1_347' title='bbox 474 4395 595 4453; x_wconf 82' lang='lat' dir='ltr'><strong>informis</strong></span> <span class='ocrx_word' id='word_1_348' title='bbox 615 4392 721 4469; x_wconf 79' lang='lat' dir='ltr'><strong>quidem</strong></span> <span class='ocrx_word' id='word_1_349' title='bbox 740 4413 795 4450; x_wconf 91' lang='lat' dir='ltr'><strong>nou</strong></span> <span class='ocrx_word' id='word_1_350' title='bbox 806 4395 870 4466; x_wconf 84' lang='lat' dir='ltr'><strong>erit;</strong></span> <span class='ocrx_word' id='word_1_351' title='bbox 888 4396 912 4450; x_wconf 86' lang='lat' dir='ltr'><strong>si</strong></span> <span class='ocrx_word' id='word_1_352' title='bbox 930 4413 995 4452; x_wconf 83' lang='lat' dir='ltr'><strong>vero</strong></span> <span class='ocrx_word' id='word_1_353' title='bbox 1007 4397 1068 4472; x_wconf 80' lang='lat' dir='ltr'><strong>ipse</strong></span> <span class='ocrx_word' id='word_1_354' title='bbox 1080 4394 1253 4466; x_wconf 75' lang='lat' dir='ltr'><strong>omniformis,</strong></span> <span class='ocrx_word' id='word_1_355' title='bbox 1272 4396 1369 4454; x_wconf 82' lang='lat' dir='ltr'><strong>similis</strong></span> <span class='ocrx_word' id='word_1_356' title='bbox 1387 4399 1439 4452; x_wconf 83' lang='lat' dir='ltr'><strong>erit</strong></span> 
     </span>
    </p>
   </div>
   <div class='ocr_carea' id='block_1_6' title="bbox 0 0 1764 5434">
    <p class='ocr_par' dir='ltr' id='par_1_6' title="bbox 0 0 1764 5434">
     <span class='ocr_line' id='line_1_37' title="bbox 0 0 1764 5434; baseline 0 10"><span class='ocrx_word' id='word_1_357' title='bbox 0 0 1764 5434; x_wconf 95' lang='lat' dir='ltr'><strong> </strong></span> 
     </span>
    </p>
   </div>
  </div>
 </body>
</html>
