3517 5434
341 849 486 933 συλλήγει
508 849 559 912 καλ
579 849 614 914 τδ
638 853 730 935 σῶμα
752 850 808 913 καὶ·
825 848 1055 935 καθησυχάζει,
1087 848 1318 935 ἐπιτριβομένης
1342 849 1377 914 δέ
1401 851 1455 932 τῆς

340 943 506 1028 ἐπιθυμίας
527 946 559 1010 ἐν
578 952 617 1033 πή
634 952 722 1033 ψυχή
736 948 788 1011 καὶ
805 951 865 1010 τῶν
884 935 1056 1032 ἐρεθισμῷν
1078 947 1328 1032 ἐπιτριβομένων,
1348 947 1455 1030 ήδύνει
1497 941 1501 950 ’

339 1043 390 1106 καὶ
420 1044 454 1107 τδ
485 1048 576 1128 σῶμα
603 1045 655 1108 καὶ
684 1044 864 1130 φλεγμαίνει
891 1045 943 1108 καὶ
967 1045 1119 1129 γίγνονται
1148 1043 1223 1113 ἴσως
1250 1046 1304 1128 μὲν
1333 1045 1363 1108 οί
1390 1045 1454 1129 έρε·

339 1139 455 1223 θισμοί,
476 1140 551 1211 ἴσως
567 1143 601 1206 δέ
618 1142 669 1206 καὶ
687 1145 747 1203 τῶν
768 1141 978 1226 ἐρεθισμάτων
997 1143 1029 1206 αἱ
1048 1143 1213 1212 ἀποθέσεις
1227 1143 1277 1206 καὶ
1293 1141 1453 1227 ἐκλείψεις.

305 1237 369 1301 ⁵21
395 1237 430 1300 δέ
456 1238 487 1309 ἐξ
511 1238 655 1303 ἐναντίων
674 1237 712 1322 ἦν
736 1239 787 1301 καὶ
809 1240 843 1303 τδ
864 1239 919 1322 μὲν
941 1243 1032 1324 σῶμα
1055 1245 1109 1303 τοῦ
1131 1244 1269 1324 πονηροῦ
1292 1238 1347 1324 ήν,
1375 1241 1395 1322 ή
1419 1239 1453 1302 δὲ

340 1337 425 1421 ψυχή
446 1340 501 1400 τοῦ
522 1336 610 1414 θεοῦ,
632 1340 753 1421 πρῶτον
774 1336 828 1419 μέν
849 1335 906 1400 οὐκ
925 1334 961 1400 ἀν
983 1337 1117 1421 ἐγεγόνει
1136 1337 1264 1406 σύνοδος
1284 1337 1355 1401 οὔτε
1377 1336 1452 1422 αὐτή

339 1435 359 1518 ή
381 1434 483 1519 μακρδ
503 1439 609 1520 κρᾶσις
631 1434 815 1510 ἐπετελεῖτο,
835 1432 978 1518 δεύτερον
1000 1433 1035 1496 δὲ
1051 1434 1086 1497 τδ
1103 1434 1208 1520 ἕτερον
1224 1434 1262 1498 τά
1275 1438 1329 1497 τοῦ
1345 1433 1453 1519 ἑτέρου

340 1531 397 1595 οὐκ
425 1531 461 1595 ἀν
490 1529 698 1616 παρεδέχετο,
730 1530 801 1594 ἀλλ’
825 1531 969 1614 ἑκάτερον
992 1528 1055 1594 ἴδια
1079 1532 1133 1616 μὲν
1158 1530 1195 1595 τά
1217 1531 1340 1607 ἑαυτοῦ,
1364 1529 1453 1594 ἀλλύ-

339 1651 406 1713 τρια
431 1630 466 1692 δέ
487 1628 524 1692 τὰ
546 1631 600 1690 τοῦ
625 1625 732 1711 ἑτέρου
757 1626 912 1710 ἐλογίζετο
938 1628 990 1692 καὶ
1012 1628 1082 1692 οὔτε
1103 1629 1123 1712 ἡ
1145 1629 1242 1712 ήδονὴ
1267 1634 1327 1692 τῶν
1352 1629 1453 1713 σωμά-

290 1736 324 1788 1⁰
340 1747 401 1788 των
431 1726 529 1809 ήδονὴ
561 1728 663 1810 ψυχῆς
692 1723 824 1806 ἐγίγνετο
854 1725 926 1788 οὔτε
957 1724 994 1790 τὰ
1021 1724 1182 1810 τραύματα
1212 1731 1271 1790 τῶν
1302 1728 1453 1811 σωμάτων

339 1823 510 1908 ἀλγηδόνες
530 1825 633 1907 ψυχῆς
654 1820 823 1903 ἐγίγνοντο,
853 1822 923 1886 ἀλλ’
946 1823 1090 1908 ἑκάτερον
1113 1823 1183 1886 καθ’
1207 1824 1300 1888 έαυτδ
1326 1825 1376 1888 καὶ
1400 1825 1453 1908 τὴν

338 1922 453 2005 ἡδονὴν
482 1922 585 2006 ἑαυτῷ
611 1919 663 1982 καλ
684 1917 722 1980 τὰ
742 1919 902 2003 τραύματα
925 1920 1092 2005 ἐμερίζετο.
1135 1925 1202 1990 πῶς
1225 1922 1259 1986 δὲ
1281 1924 1332 1988 καὶ
1352 1924 1368 1987 δ
1392 1923 1453 1985 διά·

340 2021 433 2106 βολος
454 2017 562 2104 ἴσχυσε
583 2019 617 2080 τὸ
639 2017 681 2100 μὴ
704 2014 781 2080 ἴδιον
804 2017 923 2082 ἐκεῖθεν
944 2019 1069 2104 λαβεῒν;
1098 2022 1165 2087 πῶς
1188 2018 1223 2082 δέ
1243 2020 1294 2083 καὶ
1314 2021 1333 2103 ἡ
1357 2020 1453 2105 ψυχή,

341 2117 383 2201 μὴ
400 2116 510 2180 τούτου
530 2115 620 2192 οὖσα,
641 2113 723 2177 ἀλλά
740 2113 838 2178 άλλου
856 2113 936 2178 οὐσα
954 2117 1006 2180 καὶ
1026 2117 1177 2201 μηδεμίαν
1198 2115 1347 2202 ἐπιμιξίαν
1366 2115 1453 2203 έχου-

290 2227 323 2280 1⁶
341 2239 381 2279 σα
406 2215 482 2300 πρδς
504 2217 538 2278 τδ
558 2212 673 2298 χωρίον
693 2205 801 2288 τοῦτο,
835 2212 906 2276 ἀλλ’
930 2210 1008 2277 οὐσα
1032 2213 1140 2298 ἑτέρας
1158 2213 1265 2283 οὐσίας
1283 2214 1335 2276 καὶ
1356 2215 1452 2297 πάντη

339 2309 571 2398 ήλλοτριωμένη
597 2313 651 2392 τῆς
680 2307 787 2377 οὐσίας
814 2313 868 2372 τοῦ
897 2316 1035 2396 πονηροῦ
1060 2311 1091 2374 ἐν
1114 2315 1177 2379 τοῖς
1197 2310 1369 2396 ἀλλοτρίοις
1392 2311 1454 2374 ἐστὶ

338 2411 390 2474 καὶ
419 2408 515 2479 ξένοις
540 2408 592 2470 καί
617 2406 671 2490 τήν
699 2408 922 2490 τοῦσώματος
946 2406 1094 2490 ἐπιμιξίαν
1118 2405 1206 2492 φέρει
1230 2407 1342 2491 δεσμδν
1361 2430 1453 2491 πονη-

340 2511 397 2591 ροῦ
426 2507 478 2570 καί
506 2505 628 2570 δέδεται
655 2501 713 2566 οὐκ
743 2503 775 2566 ἐν
807 2504 875 2589 ἰδίῳ
902 2504 953 2566 καὶ
983 2503 1175 2567 ίδιοποιεῖται
1200 2505 1253 2587 τὴν
1281 2506 1380 2588 σάρκα
1402 2507 1453 2568 καὶ

340 2603 427 2686 ἁγίαν
455 2603 549 2686 αὐτὴν
578 2604 664 2664 ποιεί
687 2601 739 2664 καὶ
765 2602 842 2686 πρδς
869 2601 979 2686 ἀρετήν
1012 2601 1105 2686 αὐτήν
1133 2603 1378 2686 παρασκευάζει,
1411 2607 1454 2674 ὡς

286 2713 323 2768 w
340 2699 573 2786 ἀφομοιοῦσθαι
599 2697 677 2762 κατὰ
703 2699 737 2762 τδ
765 2699 894 2762 δυνατὸν
917 2703 961 2784 τῷ
981 2699 1136 2784 κρείττονι.
1181 2698 1253 2764 ὅταν
1279 2698 1336 2784 γὰρ
1362 2700 1452 2783 ἁγνδν

337 2794 360 2882 ή
388 2798 440 2861 καὶ
468 2797 645 2881 ἀρρύπαρον
672 2797 723 2859 καὶ
753 2795 975 2879 άκηλίδωτον,
993 2797 1064 2861 ὅταν
1094 2797 1179 2881 ἅγιον
1205 2795 1227 2882 ή
1252 2800 1304 2861 καὶ
1332 2797 1454 2882 σεμνάν,

340 2895 412 2959 ὐταν
436 2894 525 2978 ἁγίας
542 2893 602 2978 ἔχη
625 2893 679 2963 τὰς
699 2893 819 2971 λαλιάς,
843 2892 915 2956 ὅταν
939 2894 1038 2965 δεξιὰς
1060 2893 1118 2980 ἔχη
1143 2895 1197 2965 τὰς
1218 2895 1359 2981 βλάψεις,
1383 2894 1454 2958 ὅταν

339 2991 426 3062 θείας
446 2990 505 3078 ἔχη
526 2991 580 3060 τάς
598 2991 741 3075 κινήσεις,
761 2990 792 3052 τί
809 2989 913 3073 ἕτερον
934 2991 953 3074 ή
976 2991 1209 3075 ἀφομοιοῦσθαι
1230 2997 1275 3078 τῳ
1293 2993 1455 3077 κρείττονιγ

339 3090 392 3153 καὶ
417 3089 602 3161 ἐξεικάζεται
630 3093 674 3172 τῷ
700 3090 787 3172 καλῷ
813 3087 865 3149 καὶ
895 3086 1044 3172 ἀναφέρει
1071 3093 1253 3174 χαρακτῆρα
1279 3095 1333 3154 τοῦ
1361 3090 1454 3174 κρείτ·

289 3197 324 3253 θύ
340 3209 438 3257 τονος.
476 3188 528 3251 καὶ
547 3189 643 3248 ταῦτα
662 3185 718 3268 μέν
739 3184 838 3252 οὕτως
858 3183 1007 3268 εἰρήσθω,
1031 3185 1119 3269 δλίγα
1138 3187 1173 3250 δὲ
1192 3187 1321 3250 καὶτῶν
1343 3187 1454 3270 λογίων

340 3283 574 3370 παραθιύμεθα,
603 3281 652 3346 ίνα
680 3283 732 3346 καὶ
762 3283 781 3365 ἡ
810 3285 869 3343 τῶν
898 3281 1010 3364 λογίων
1036 3284 1207 3367 παράθεσις
1228 3284 1375 3368 ἐντροπὴν
1399 3284 1454 3368 μὲν

341 3382 484 3458 ἐκείνοις,
511 3381 583 3464 ἡμῖν
609 3379 645 3442 δέ
669 3380 799 3446 πίστεως
821 3377 977 3462 ἀκρίβειαν
999 3381 1126 3464 ποιήσῃ.
1176 3383 1193 3446 δ
1214 3380 1272 3464 γὰρ
1297 3382 1398 3464 σωτήρ
1422 3380 1453 3444 ἐν

339 3484 384 3566 τῷ
408 3477 594 3562 εὐαγγελίῳ,
621 3480 675 3560 τῆς
703 3475 848 3541 πλάσεως
875 3475 1069 3559 μεμνημένος
1095 3477 1207 3562 ἀνδρὸς
1234 3479 1285 3541 καὶ
1313 3479 1455 3560 γοναικδς

339 3576 392 3641 καὶ
418 3576 472 3660 τὴν
496 3576 606 3638 πλάσιν
635 3569 800 3656 ἀναφέρων
831 3569 881 3634 ἐπὶ
902 3571 954 3634 τδν
978 3572 1091 3636 ἑαυτοῦ
1112 3573 1232 3659 πατέρα
1254 3575 1305 3640 καὶ
1325 3574 1453 3658 ποιητὴν

289 3685 325 3740 ³⁰
339 3677 395 3737 τοῦ
415 3672 537 3749 παντός,
558 3670 662 3755 ἔλεγεν
687 3672 724 3748 ,ὁ
745 3669 847 3738 κτίσας
868 3669 923 3732 ἀπ’
945 3669 1044 3755 ἀρχῆς
1062 3669 1154 3756 ἀρσεν
1175 3673 1226 3736 καὶ
1245 3671 1326 3756 θῆλυ
1351 3670 1453 3754 ἐποίη·

341 3793 392 3834 σεν
417 3768 538 3846 αὐτούς,
561 3770 614 3832 καὶ
636 3766 718 3832 εἶπεν
734 3763 861 3832 Ἕνεκεν
883 3767 992 3831 τούτου
1014 3770 1194 3853 καταλείψει
1215 3768 1379 3853 ἄνθρωπος
1402 3769 1453 3833 τὸν

339 3865 460 3952 πατέρα
482 3864 577 3930 αὐτοῦ
599 3866 650 3930 καὶ
670 3866 723 3950 τὴν
747 3865 865 3952 μητέρα
887 3866 939 3931 καὶ
957 3867 1267 3952 προσκολληθήσεται
1282 3871 1322 3950 τῇ
1337 3865 1455 3949 γυναικὶ

341 3963 437 4028 αὐτοῦ
460 3963 512 4027 καί
534 3960 656 4026 ἔσονται
678 3963 709 4027 οί
730 3963 785 4028 δίο
808 3964 852 4034 εἰς
873 3965 973 4051 σάρκα
994 3964 1076 4050 μίαν.
1122 3964 1137 4028 θ
1162 3963 1255 4030 οὐιιὸ
1276 3964 1349 4032 θεὸς
1370 3962 1453 4026 συνέ-

341 4061 461 4139 ζευξεν,
493 4060 659 4147 ἄνθρωπος
686 4062 729 4146 μὴ
756 4061 950 4147 χωριζέτω“.
993 4062 1118 4126 καὶτὸν
1141 4061 1213 4147 δρον
1235 4066 1289 4126 τοῦ
1314 4063 1456 4145 σώματος

289 4171 325 4229 ³5
341 4160 392 4223 καί
419 4164 474 4244 τῆς
503 4163 605 4246 ψυχῆς
632 4157 726 4224 αίτιον
751 4161 914 4245 ὁμολογῶν
941 4158 1007 4224 οίδε
1027 4161 1079 4225 καὶ
1098 4159 1217 4247 πατέρα
1237 4160 1388 4244 ὁμολογεῖ
1403 4157 1455 4222 καὶ

341 4257 449 4344 ἐπέχει
470 4257 524 4328 τὰς
546 4257 740 4342 ἀνθρωπίνας
758 4257 904 4340 ἐπινοίας,
930 4257 1088 4345 ἀχάριστα
1106 4257 1185 4322 εἶναι
1205 4257 1243 4322 τά
1261 4253 1455 4340 πεποιημένα

342 4355 531 4441 βουλόμενος
550 4356 601 4419 καὶ
621 4357 663 4440 μὴ
684 4355 863 4442 ἀνθρωπίνη
881 4357 989 4441 γνώμη
1011 4356 1154 4442 χωρίζειν
1176 4353 1214 4418 τά
1234 4355 1338 4422 καλῶς
1360 4355 1454 4437 ήρμο·

342 4452 439 4536 σμένα
461 4452 640 4536 ἐπιτρέπων.
682 4453 713 4517 ἐν
737 4454 774 4518 δέ
794 4459 839 4541 τηῖ
864 4453 1034 4540 εὐαγγελίῳ
1056 4458 1120 4524 τοῖς
1141 4454 1268 4538 δοκήσει
1286 4456 1339 4535 τῆς
1361 4451 1455 4533 αὐτῆς

342 4549 519 4633 ἐπιμελείας
538 4550 710 4636 ἐχομένοις,
730 4552 903 4637 ήμεληκύσι
925 4552 960 4616 δέ
981 4555 1042 4616 τῶν
1064 4555 1204 4638 κρυπτῶν
1225 4551 1348 4633 καὶτῆς
1366 4545 1453 4612 ἔνδον
