3517 5434
855 583 898 675 ι’νο

316 778 411 862 γεσθε
434 780 468 841 τὸ
489 781 610 864 πάσχα·
633 783 665 844 αί
686 781 802 865 ὀσφύες
822 781 907 864 ὑμῶν
928 779 1203 864 περιεξωσμέναι“,
1227 780 1277 844 ίνα
1301 781 1379 863 μηδὲ
1395 780 1432 844 τὰ

318 877 396 960 μέλη
418 877 543 947 ἀζωστα
562 875 684 962 ἔχοντες
702 885 741 963 τῇ
766 878 857 962 ρφδίφ
876 879 993 961 κινήσει
1014 877 1336 962 κατεπιχειρήσωμεν,
1360 877 1429 942 ἀλλ’

318 975 399 1038 οὕτω
430 974 631 1058 διεζωσμέναι
656 977 736 1046 τάξιν
762 977 816 1058 τὴν
843 977 919 1059 πρὸς
945 974 981 1037 τὰ
1004 975 1168 1058 πράγματα
1190 973 1313 1060 ἀρίστην
1337 977 1431 1060 εύρόι-

316 1071 408 1154 μεθα.
437 1073 488 1134 καὶ
510 1073 591 1136 ούτω
613 1077 674 1136 τῶν
692 1073 784 1135 εἰδῶν
803 1078 854 1156 τῆς
869 1073 983 1155 ἡδονῆς
998 1071 1264 1158 προανῃρημένων
1281 1073 1432 1156 ἐπεξῆλθε

283 1170 367 1232 ύκαλ
389 1169 467 1232 κατὰ
489 1173 549 1232 τῶν
572 1172 663 1234 εἰδῶν
685 1174 737 1251 τῆς
758 1171 896 1238 διανοίας
917 1172 968 1233 καὶ
990 1169 1068 1234 κατὰ
1089 1174 1149 1232 τῶν
1173 1170 1263 1232 εἰδῶν
1289 1173 1343 1251 τῆς
1369 1170 1431 1232 ἀδι-

316 1266 393 1335 κίας.
433 1268 461 1330 εἰ
488 1266 546 1351 γὰρ
573 1269 608 1332 τδ
635 1267 673 1330 τὰ
701 1266 817 1350 ἑτέρου1
831 1267 936 1351 λαβεῖν
959 1267 1010 1330 καὶ
1033 1267 1084 1352 βίη
1106 1267 1211 1351 λαβεῖν
1234 1269 1285 1332 καὶ
1307 1265 1433 1334 ἄκοντος

318 1364 423 1448 λαβεῖν
443 1364 545 1427 ἀδικία
569 1363 641 1441 ἐστί,
661 1364 712 1426 καὶ
732 1365 766 1426 τδ
779 1361 915 1448 λαβόντα
936 1363 973 1426 τὰ
996 1363 1103 1446 ἑτέρου
1124 1363 1143 1446 ἢ
1164 1363 1297 1448 ἑταίραις
1316 1362 1433 1426 διδόναι

316 1460 336 1543 ἦ
364 1461 493 1529 ἀσώτως
522 1462 778 1578 καταδαπανησαι
808 1459 891 1528 εἶδός
915 1461 993 1524 ἐστιν
1019 1461 1154 1538 ἀδικίας,
1185 1459 1290 1528 ἄδικός
1312 1459 1389 1522 ἐστιν
1414 1461 1430 1524 ό

316 1557 370 1640 τὴν
400 1557 489 1641 τιμὴν
517 1563 572 1620 τού
602 1557 725 1620 θεού’
707 1563 866 1642 αφαιρῶν,
894 1559 994 1628 ξύλοις
1022 1559 1138 1622 δὲκαὶ
1168 1558 1307 1640 δαίμοσιν
1338 1559 1431 1642 αὐτὴν

268 1663 301 1719 10
321 1654 488 1723 ἀποδιδοὺς
508 1679 558 1718 και
578 1656 849 1718 καταδαπανῶν
823 1678 875 1738 την
901 1656 989 1774 τιμην
1011 1657 1101 1720 καὶ
1084 1655 1372 1739 ασωτευόμενοςν
1341 1655 1372 1717 ἐν
1394 1660 1433 1738 ιγῙ

318 1752 448 1835 διανοίη.
493 1753 567 1816 οόδὲ
599 1753 657 1836 γὰρ
685 1755 785 1822 οὕτως
809 1751 930 1821 ἄσωτος
958 1755 974 1816 ό
1002 1755 1225 1816 καταδαπανῶν
1251 1753 1303 1834 τὴν
1326 1752 1432 1816 ούσίαν

318 1853 361 1916 ὡς
384 1848 489 1918 ἄδικος
511 1851 527 1911 ό
550 1851 603 1932 τὴν
625 1853 759 1934 μεγάλην
782 1851 971 1933 περιουσίαν,
994 1853 1047 1934 τὴν
1071 1852 1157 1935 τιμὴν
1181 1854 1235 1912 τού
1259 1849 1346 1925 θεοῦ,
1371 1850 1431 1912 ἀπὸ

317 1950 370 2027 τῆς
391 1947 528 2015 διανοίας
550 1947 750 2032 ἐξαφανίζων.
790 1947 842 2032 ἐφ’
866 1947 939 2012 ὅσον
957 1948 1014 2033 γὰρ
1036 1947 1216 2029 συνέστηκεν
1234 1949 1253 2030 ἡ
1273 1945 1433 2030 περιουσία

317 2047 370 2126 τῆς
396 2045 541 2124 γνώσεως
566 2051 605 2129 τγῙ
634 2052 732 2131 ψυχῇ,
758 2048 778 2127 ἡ
808 2047 884 2128 πρός
911 2049 962 2110 τὸν
984 2048 1057 2108 θεὸν
1082 2046 1217 2113 διάθεσις
1241 2045 1432 2108 ἀποδίδοται.

268 2152 301 2206 15
319 2141 391 2205 όταν
415 2140 450 2202 δὲ
470 2145 555 2204 πᾶσα
576 2146 778 2228 καταπονηθη
797 2144 847 2206 καὶ
864 2144 1075 2228 καταναλωθῇ
1094 2143 1145 2206 καὶ
1163 2141 1343 2226 πτωχεύση,
1364 2140 1433 2204 τότε

318 2241 424 2302 λοιπόν
454 2241 506 2322 τὴν
539 2241 656 2304 ἐκείνου
682 2244 769 2325 τιμὴν
798 2243 842 2310 είς
863 2243 940 2312 ξύλα
958 2243 1008 2304 καὶ
1030 2241 1139 2328 τέχνην
1163 2239 1340 2324 καταφέρει.
1383 2239 1433 2302 διὰ

317 2341 408 2400 τούτο
440 2337 492 2400 καὶ
520 2339 537 2398 ό
560 2337 732 2407 ἀπόστολος
754 2341 807 2422 τὴν
832 2340 949 2402 ἀδικίαν
973 2340 1211 2422 δεισιδαιμονίαν
1235 2339 1434 2421 ἐπιστάμενος

319 2431 407 2515 ἔλεγε
432 2436 502 2516 ,καὶ
524 2436 577 2518 τὴν
598 2436 786 2514 πλεονεξίαν,
810 2438 875 2520 ἥτις
898 2437 976 2499 ἐστὶν
1001 2437 1257 2521 είδωλολατρία“.
1293 2435 1359 2498 ἐπεὶ
1378 2433 1432 2498 οὖν

317 2536 371 2613 τῆς
392 2531 509 2600 ἀδικίας
529 2535 563 2596 τδ
583 2533 802 2616 χαλεπώτατόν
822 2535 886 2599 ἐστι
907 2535 999 2620 μέρος
1020 2537 1038 2617 ἡ
1062 2537 1105 2604 είς
1125 2535 1197 2600 θεόν
1221 2535 1339 2616 ἄγνοια,
1363 2535 1433 2619 βρα-

266 2642 302 2696 κο
318 2627 433 2712 χυτέρα
456 2628 490 2690 δέ
512 2629 590 2692 ἐστιν
616 2654 635 2712 η
659 2632 702 2698 είς
724 2632 908 2716 ἀνθρώπους
933 2631 1130 2716 πλημμέλεια
1151 2634 1201 2696 καὶ
1222 2634 1265 2702 εἰς
1286 2632 1340 2695 δύο
1360 2633 1433 2694 διαι·

318 2730 415 2809 ρεῖται
444 2729 464 2809 ί,
495 2728 615 2804 ἀδικία,
647 2727 696 2814 είς,
716 2751 749 2791 τε
776 2731 829 2812 τὴν
860 2733 903 2798 εἰς
926 2730 998 2814 θεὸν
1025 2731 1149 2814 ἄγνοιαν
1173 2732 1222 2794 καὶ
1243 2731 1297 2814 τὴν
1322 2731 1365 2800 εἰς
1385 2730 1434 2792 ἀν·

317 2815 463 2908 θρώπους
482 2825 708 2909 πλημμέλειαν,
730 2827 928 2912 γραφόμενος
951 2831 966 2892 ό
989 2828 1083 2912 νόμος
1104 2827 1288 2912 ἀμφοτέρων
1309 2825 1433 2909 ἤρξατο.

317 2921 368 2985 καὶ
390 2926 510 3005 πρῶτον
533 2924 587 3006 μὲν
616 2921 676 3007 βοᾷ
701 2923 758 3001 ,οὐ
782 2927 921 3009 ποιήσεις
945 2933 1066 3011 σεαυτῷ
1087 2925 1205 2990 εἴδωλα
1219 2925 1331 2992 παντὸς
1350 2923 1434 3006 όμοί-

319 3026 423 3101 ωμα“,
442 3019 491 3082 ίνα
504 3019 545 3103 μὴ
558 3021 611 3102 τἠν
623 3026 678 3084 τού
698 3021 902 3105 πεποιηκότος
920 3025 1007 3106 τιμὴν
1028 3022 1321 3106 κατασωτευόμενος
1333 3025 1433 3084 πᾶσαν

266 3129 301 3185 25
319 3115 415 3200 ἀρδην
438 3117 631 3201 διαφθείρῃς.
666 3118 852 3203 ἐχαλέπαινε
873 3121 908 3182 δὲ
922 3119 1048 3188 εἰκότως
1061 3122 1192 3204 καὶπερὶ
1206 3123 1365 3194 τού-λαοῦ,
1384 3118 1435 3182 ότε

318 3215 551 3298 μοσχοπυιησας
574 3215 651 3300 ἐβόα
673 3215 777 3293 ,ούτοι
798 3218 827 3278 υί
840 3219 911 3280 θεοί
923 3241 990 3290 σου,
1009 3215 1144 3302 Ἰσραήλ,
1168 3218 1274 3286 οἵτινες
1287 3214 1434 3299 ἐξήγαγόν

319 3335 353 3376 σε
371 3313 406 3376 ἐκ
418 3317 473 3394 γῆς
485 3312 673 3395 Αίγύπτου“.
703 3315 810 3395 ἐπειδὴ
824 3315 881 3398 γὰρ
893 3315 947 3382 τάς
959 3320 1013 3378 τεύ
1027 3315 1188 3397 εὐεργέτου
1202 3314 1322 3398 δωρεὰς
1334 3317 1378 3397 τῷ
1391 3313 1433 3396 μὴ

318 3411 479 3496 δυναμένῳ
493 3412 653 3494 κινηθῆναι
665 3411 912 3495 πρυσαπένειμαν
928 3414 978 3476 καὶ
992 3411 1028 3496 ἧν
1047 3411 1149 3476 ἀδικία
1161 3412 1366 3498 χαλεπωτάτη
1380 3410 1434 3492 τὴν

317 3511 494 3593 περιουσίαν
518 3514 571 3592 τῆς
593 3509 769 3591 εὐεργεσίας
790 3513 843 3580 τοῦ
866 3509 1070 3594 πεποιηκότος
1093 3507 1185 3594 τέχνη
1210 3511 1261 3572 καὶ
1281 3507 1436 3592 γλύμματι

266 3619 301 3674 ³⁰
319 3606 511 3683 ἀποδιδόναι,
533 3609 616 3690 καὶὴ
633 3605 766 3688 ἀλήθεια
783 3604 851 3666 κεκί
866 3628 937 3687 ηται
952 3608 1003 3670 καὶ
1022 3609 1038 3672 ό
1056 3608 1150 3690 νόμος
1165 3607 1332 3691 γέγραπται
1349 3606 1398 3668 καὶ
1413 3607 1434 3688 ἡ

318 3705 421 3768 ἀδικία
439 3707 609 3768 κεκώλυται
626 3704 677 3766 καὶ
696 3705 712 3764 ό
731 3701 894 3784 μανθάνων
911 3702 1091 3768 ἐπαιδεύετο
1105 3706 1155 3768 καὶ
1170 3705 1251 3768 οὕτω
1264 3709 1318 3768 τού
1331 3703 1434 3786 θυμοῦ

262 3883 267 3892 Ι
316 3808 369 3884 της
381 3803 499 3889 ἀδικίας
509 3798 807 3883 προαναιροομένου,
816 3801 867 3862 καὶ
879 3801 932 3883 τὴν
945 3804 1021 3886 πρὸς
1033 3801 1196 3887 ἄνθρωπον
1211 3802 1329 3864 ἀδικίαν
1347 3821 1434 3864 συνα-

318 3903 426 3964 νεῖλεν.
459 3899 511 3962 καὶ
531 3901 639 3980 πρῶτα
661 3898 715 3979 μὲν
740 3895 841 3980 ἔρωτα
862 3899 1029 3982 χρημάτων
1050 3899 1228 3982 ἐγγενέσθαι
1244 3923 1280 3983 ιη
1296 3903 1384 3984 ψυχῇ
1397 3898 1434 3960 ού

319 3997 515 4083 βεβούληται,
540 3996 607 4058 ἐπεὶ
620 3993 700 4079 ἔρως
721 3997 887 4080 χρημάτων
910 3997 1000 4058 τίκτει
1011 3995 1064 4064 τὰς
1077 3997 1195 4066 ἀδικίας
1210 3995 1261 4060 καὶ
1275 3999 1294 4079 ἡ
1308 3997 1385 4079 πρὸς
1398 3993 1436 4058 τὰ

266 4106 301 4162 ³5
318 4097 464 4178 χρήματα
484 4093 631 4176 ἐπιθυμία
655 4098 746 4177 γεννᾷ
767 4093 820 4160 τὰς
841 4093 1027 4162 πλεονεξίας.
1059 4094 1158 4178 ἡγὰρ
1177 4094 1245 4179 ‘pseu
1258 4099 1317 4156 τῶν
1330 4096 1461 4156 κακῶν·
1495 4147 1502 4164 ,
1604 4111 1605 4124 ’

319 4189 397 4254 ἐστιν
415 4213 434 4272 η
454 4190 650 4274 φιλαργυρία,
670 4181 792 4254 ἔσονται
813 4191 848 4253 δὲ
870 4191 980 4254 κλάδοι
1000 4191 1052 4254 καὶ
1074 4194 1190 4260 κλῶνες
1212 4195 1265 4273 τῆς
1287 4191 1434 4274 φιλοχρη-

319 4288 427 4372 ματίας
448 4289 480 4350 αἱ
501 4288 626 4364 ἀδικίαι,
647 4289 679 4352 αί
697 4287 880 4356 πλεονεξίαι.
914 4289 964 4352 καὶ
983 4289 1089 4373 ἐπειδὴ
1107 4289 1168 4352 ἀπὸ
1189 4286 1436 4374 φιλοχρηματίας

317 4385 446 4471 ἄρχεται
472 4386 491 4469 ἠ
518 4385 680 4455 πλεονεξία
705 4386 757 4448 καὶ
786 4386 889 4451 ἀδικία
911 4387 1217 4472 προκαταλαμβάνει,
1242 4387 1435 4468 προαναιρεῖ,

316 4481 592 4568 προαπαγγέλ[λ]ει
607 4485 758 4564 ,πλοῦτος
773 4482 826 4546 ἐὰν
844 4482 914 4568 βίη,
930 4485 971 4569 μὴ
988 4485 1193 4568 προστίθεσθε
1208 4483 1367 4569 καρδίαν“,
1387 4481 1436 4544 ἵνα
