3517 5434
872 667 917 727 ῖί

338 830 593 915 ἀποταμιεύεται,
615 831 669 916 τήν
692 832 836 919 βούλησιν
858 837 918 896 τών
940 818 1133 918 πρεπόντων
1156 832 1262 916 κυρίαν
1284 833 1343 894 τῶν
1361 849 1454 914 πρατ-

338 928 475 1012 τομένων
504 929 670 994 ἐπίσταται.
711 930 821 1015 ἀμέλει
846 937 941 1014 τιμῶν
970 933 1023 1015 τὴν
1050 935 1109 996 τῶν
1131 929 1271 1014 πράξεων
1292 927 1453 992 κοινωνίαν

339 1027 508 1111 ἀνήρτησεν
532 1027 563 1090 ἐν
583 1033 622 1112 τῇ
643 1028 770 1112 θελήσει
791 1030 807 1092 ύ
832 1028 924 1112 λόγος
954 1029 1026 1108 ,ἐὰν
1047 1029 1159 1113 θέλητε
1179 1027 1230 1091 καὶ
1251 1023 1454 1107 εἰσακούσητέ

338 1124 469 1206 μου,τά
492 1125 594 1208 ἀγαθά
614 1131 668 1210 τῆς
688 1131 744 1211 γής
766 1128 920 1211 φάγεσθε,
944 1128 997 1192 ἐὰν
1018 1129 1053 1192 δέ
1075 1129 1116 1211 μὴ
1138 1125 1251 1209 θέλητε
1273 1123 1353 1208 μηδὲ
1372 1123 1453 1186 εἰσα-

239 1247 241 1251 ·
285 1221 473 1307 ,δοκούσητί
494 1245 565 1305 μου,
587 1225 724 1310 μάχαιρα
745 1226 823 1308 ὑμᾶς
843 1224 1035 1289 κατέδεται.“
1073 1224 1186 1289 ἄτοπον
1209 1224 1243 1286 δέ
1260 1223 1372 1286 καὶτὸν
1385 1220 1454 1304 περὶ

338 1322 398 1382 τῶν
422 1321 624 1403 φαυλοτάτων
647 1324 823 1386 καταλιπεῖν
847 1322 939 1406 λόγον
961 1324 1013 1387 καί
1035 1324 1088 1406 τὴν
1115 1321 1267 1404 περὶτῶν
1291 1318 1454 1402 αἰσχίστως

338 1416 390 1478 καί
413 1415 678 1501 ἐκδεδιητημένως
694 1419 949 1504 ἀναστρεφύντων
971 1422 1154 1506 παραλιπεῖν
1175 1417 1321 1493 ἐξέτασιν,
1345 1416 1455 1498 μήπως

338 1516 358 1597 ή
381 1516 469 1597 ήμῶν
492 1516 592 1599 σιωπὴ
615 1515 763 1580 ἀπόνοιαν
783 1519 1006 1602 χαλεπωτάτην
1029 1519 1134 1587 αὐτοῖς
1152 1515 1380 1596 κατασκευάση.
1415 1509 1452 1574 ού

339 1610 461 1698 σφόδρα
483 1613 685 1698 διαβάλλουσι
705 1616 757 1678 τδν
780 1613 1081 1702 Ναβουχοδονόσορ;
1112 1615 1149 1679 οὐ
1173 1613 1295 1698 σφόδρα
1319 1606 1453 1694 μέμφον-

290 1717 323 1770 1⁰
340 1732 390 1773 ται
422 1710 473 1772 τόν
509 1709 646 1794 Φαραώς
682 1708 718 1772 οἰ
753 1711 849 1797 πέρας
883 1713 1084 1800 αἰσχρότητος
1120 1711 1231 1780 αύτούς
1261 1707 1454 1792 νενομίκασις

339 1813 466 1872 τοιαῦτα
484 1807 542 1892 γάρ
564 1811 633 1894 περὶ
649 1813 703 1892 τῆς
721 1808 846 1873 ἐκείνων
868 1813 1023 1896 διαγωγῆς
1038 1812 1102 1877 ἀνω
1116 1812 1168 1875 καί
1181 1807 1454 1890 κάτωιθρυλοῦσιν.

340 1906 369 1968 εἰ
398 1905 452 1989 μέν
480 1902 533 1968 ούν
563 1907 593 1970 ἐν
622 1912 688 1977 ταῖς
715 1908 862 1976 διανοίαις
889 1908 1013 1988 ἐκείνων
1035 1909 1166 1993 οὐδεμία
1188 1904 1307 1986 σπουδὴ
1332 1899 1454 1986 φανείη,

339 2001 431 2084 λόγος
454 2000 490 2066 ἀν
514 2001 561 2088 εἴη
586 2005 705 2090 ἔτερος·
727 2007 754 2069 εἰ
776 2007 810 2068 δέ
835 2006 866 2068 ἐν
886 2010 950 2075 τοῖς
971 2007 1052 2071 οὕτω
1075 2009 1181 2075 κακοῖς
1201 2004 1252 2066 καί
1274 2000 1351 2085 μέρη
1376 1999 1453 2081 εύρί-

340 2123 444 2164 σκεται
472 2105 575 2166 καλῶν
601 2105 652 2167 καὶ
680 2105 839 2187 αἰσθήσεις
869 2104 920 2167 καί
943 2104 1117 2188 ἀντιλήψεις
1140 2104 1190 2166 καί
1214 2101 1385 2184 μετάμελος
1403 2098 1455 2162 καὶ

290 2205 322 2260 16
341 2199 460 2274 ίκεσίοιι,
481 2201 512 2263 τί
530 2198 574 2264 ἔτι
594 2203 762 2286 φήσουσιν;
783 2200 811 2262 εἰ
831 2200 890 2285 γὰρ
914 2200 1001 2270 ούτος
1025 2203 1040 2264 ό
1063 2203 1142 2265 πάνυ
1168 2199 1323 2285 αἴσχιστος
1343 2197 1453 2280 φανείη

339 2295 404 2359 τινὰ
426 2297 504 2382 με’ρη
528 2296 610 2383 ἔχων
635 2300 745 2382 ἀρετῆς
769 2300 821 2362 καί
842 2297 1233 2382 τρύπωνέπιτηδειύτητα,
1264 2294 1293 2357 τί
1316 2293 1436 2376 ἐροῦσιν
1445 2317 1455 2369 ;

339 2394 358 2476 ἡ
385 2394 442 2478 γὰρ
468 2397 519 2458 τδν
545 2395 684 2458 Σατανᾶν
714 2398 816 2478 μικτὸν
849 2396 880 2466 ἐξ
907 2397 1017 2479 ἀρετῆς
1044 2395 1094 2458 καὶ
1123 2395 1231 2463 κακίας
1259 2396 1301 2460 ώς
1332 2389 1456 2474 μικτοθς

338 2492 476 2575 καρπούς
507 2491 668 2574 ἐνεγκόντα
696 2492 846 2576 φήσουσιν
875 2493 894 2575 ἢ
922 2491 1047 2560 τούτους
1073 2490 1210 2576 καρπούς
1233 2490 1273 2574 μὴ
1299 2489 1377 2554 εἶναι
1399 2493 1454 2552 τοῦ

340 2587 499 2673 διαβόλου.
540 2588 643 2654 ούκέτι
666 2588 724 2673 γὰρ
759 2591 788 2652 οί
818 2589 917 2672 μικτοί
948 2593 1001 2652 τοῦ
1033 2589 1161 2672 ἀμίκτου
1193 2587 1253 2652 είεν
1283 2587 1318 2652 ἀν
1343 2587 1456 2670 καρποὶ

287 2692 323 2746 w
341 2685 412 2748 ούτε
433 2686 501 2770 ῥίζα
519 2687 552 2751 τδ
571 2686 697 2771 ἄμικτον
715 2692 769 2752 τού
792 2691 897 2771 μικτοῦ
920 2687 1098 2771 φανήσεται.
1131 2684 1215 2750 οὗτοι
1233 2686 1268 2749 δέ
1288 2685 1338 2748 καί
1357 2687 1456 2769 μικταὶ

340 2782 511 2867 ἐφάνησαν,
533 2784 638 2871 χρόνῳ
657 2787 709 2849 καί
726 2786 780 2855 τὰς
800 2786 968 2868 ἐπιστήμας
990 2783 1137 2870 λαβόντες
1158 2784 1208 2847 καί
1222 2785 1354 2868 πονηρίᾳ
1374 2785 1454 2868 αἱρε-

339 2880 468 2950 θέντες·
501 2885 551 2946 καὶ
580 2874 750 2968 φανήσεται
779 2883 856 2946 κατὰ
887 2887 993 2945 τοῦτον
1026 2883 1076 2945 τὸν
1105 2879 1196 2963 λύγον
1223 2881 1350 2964 πλάσμα
1377 2880 1456 2944 εἶναι

340 2977 434 3061 λόγου
458 2981 509 3042 καί
536 2982 576 3065 μὴ
603 2981 752 3064 ἀληθείας
772 2979 946 3053 ὑπόστασις.
984 2978 1050 3042 ἰδού
1074 2977 1131 3062 γὰρ
1155 2979 1171 3041 ό
1197 2979 1251 3061 μὲν
1276 2977 1397 3060 Φαραώ
1420 2977 1453 3040 ἐν

339 3079 404 3144 ταῖς
434 3076 595 3162 ἐπιτιμίαις
624 3077 765 3142 ἐνδίδωσι
795 3077 846 3139 καὶ
873 3075 1077 3152 ἀπαλύνεται,
1109 3075 1252 3140 ἐνδίδωσι
1272 3078 1313 3158 πή
1335 3074 1456 3158 διανοίᾳ

276 3177 323 3237 ‚w
340 3174 392 3236 καί
417 3175 620 3258 κατατυφθείς
646 3175 700 3258 τὴν
727 3176 827 3260 ψυχὴν
855 3173 913 3236 οόκ
939 3173 1075 3257 ἐπιμένει
1102 3177 1141 3257 πή
1162 3173 1342 3257 τραχύτητι,
1374 3169 1456 3234 ἀλλά

340 3271 396 3334 δύο
418 3276 556 3334 ποιεῖ-
571 3274 623 3336 καί
642 3273 695 3355 τὴν
719 3272 813 3357 εὐχὴν
836 3273 917 3336 αἰτεῖ
936 3273 987 3336 καί
1009 3275 1176 3356 κατηγορεῖ
1195 3274 1250 3332 τοῦ
1275 3267 1456 3353 γενομένου,

339 3370 389 3432 καὶ
409 3369 445 3433 ού
469 3372 608 3455 φαίνεται
626 3372 725 3455 πηρός
746 3371 765 3452 ἡ
787 3371 871 3454 ψυχὴ
891 3369 961 3432 ἀλλ’
982 3369 1181 3455 ἐμβλέπουσα
1200 3368 1251 3432 καί
1270 3369 1346 3451 πρὸς
1367 3366 1455 3449 μετά·

339 3487 424 3528 νοιαν
447 3472 613 3550 χωροῦσα,
640 3465 927 3551 ἀντιλαμβανομένη
952 3467 986 3529 δὲ
1008 3467 1057 3530 καὶ
1077 3469 1130 3547 τῆς
1152 3466 1303 3549 αἰτήσεως
1324 3464 1374 3528 καὶ
1397 3465 1455 3528 ίκε-

340 3562 408 3631 σίας
434 3564 485 3627 καί
512 3566 685 3648 λιπαροῦσα
706 3564 801 3647 εὐχῆς
820 3563 933 3628 ἕνεκεν.
974 3563 1057 3626 εἰδὲ
1080 3563 1227 3648 ἐπεφύκει
1248 3560 1360 3638 κακός,
1389 3566 1457 3630 πῶς

288 3667 324 3724 ³⁰
342 3660 477 3742 ἐγνώκει
493 3661 562 3748 περὶ
592 3663 645 3742 τής
668 3658 762 3744 εύχής
783 3659 834 3722 καί
856 3662 910 3741 τῆς
932 3661 1108 3743 μετανοίας;
1139 3662 1166 3724 εἰ
1186 3659 1243 3743 γὰρ
1265 3659 1284 3741 ἡ
1309 3660 1456 3742 μετάνοια

339 3759 436 3841 καλή,
467 3759 518 3821 καί
547 3758 567 3839 ἡ
595 3756 674 3842 εὐχὴ
703 3757 798 3839 καλή·
832 3758 860 3819 εἰ
883 3757 917 3820 δέ
939 3759 958 3841 ἡ
984 3757 1072 3843 φύσις
1095 3758 1190 3840 κακή,
1219 3761 1285 3824 πώς
1309 3755 1396 3839 ἐμίγη
1419 3757 1454 3820 τὸ

339 3858 433 3920 κακόν
454 3861 499 3940 τῷ
520 3857 623 3939 καλῷ;
652 3859 719 3923 πῶς
741 3855 776 3918 δὲ
800 3854 834 3918 ἐκ
854 3859 950 3920 κακοῦ
973 3855 1066 3919 καλὸν
1089 3854 1284 3939 προηνέχθη;
1315 3854 1366 3916 καί
1387 3853 1455 3936 φαί-

339 3975 443 4018 νονται
464 3955 505 4038 μὴ
528 3951 643 4020 εἰδότες
663 3951 852 4035 ἀλέγουσιν,
872 3955 954 4018 ἀλλὰ
974 3952 1150 4036 ἀπαιδεύτῳ
1167 3953 1274 4035 γνώμη
1294 3950 1457 4034 πτύσματα

341 4054 457 4134 μᾶλλον
485 4051 629 4136 βημάτων
658 4075 677 4134 η
699 4051 821 4135 ῥήματα
841 4051 1081 4136 προφερόμενοι.
1124 4051 1152 4113 εἰ
1170 4049 1205 4112 δέ
1226 4049 1276 4112 καὶ
1297 4049 1313 4110 ό
1334 4046 1455 4131 Ναβου-

288 4161 323 4217 ³5
340 4148 532 4234 χοδονόσορ,
550 4147 654 4211 ’καίτοι
674 4151 812 4234 χαλεπός
834 4151 877 4212 ών
902 4151 934 4212 τό
958 4149 1036 4233 ήθος
1057 4149 1108 4212 καὶ
1131 4149 1183 4230 τήν
1206 4148 1332 4230 κάμινον
1354 4145 1455 4228 εὐτρε-

340 4247 431 4314 πίσας
456 4247 508 4309 καὶ
535 4247 588 4330 τήν
615 4245 720 4312 εἰκόνα
744 4247 877 4328 ποιήσας
906 4247 957 4310 καί
978 4250 1018 4330 πή
1041 4243 1155 4329 ἀπειλή
1180 4247 1286 4330 φοβῶν
1311 4244 1362 4310 καὶ
1383 4264 1455 4326 προ-

341 4347 458 4408 σκυνεῖν
486 4347 520 4410 τδ
548 4343 673 4429 ἀγαλμα
701 4344 898 4424 ἀναγκάζων,
937 4346 979 4412 ώς
1007 4345 1036 4406 οί
1064 4342 1144 4425 ἀγιοι
1171 4339 1258 4406 ἔνδον
1286 4343 1454 4428 ἐβάλλοντο

339 4442 391 4506 καὶ
419 4440 574 4528 ὑπεχώρει
599 4443 618 4524 ἡ
644 4439 721 4524 φλόξ
743 4440 795 4502 καί
817 4444 877 4502 τῶν
900 4435 1051 4524 σωμάτων
1076 4439 1135 4525 ούχ
1157 4440 1269 4524 ήπτετο
1292 4440 1344 4504 καὶ
1368 4459 1455 4502 συνα·

339 4539 425 4623 γωγὴ
446 4540 466 4623 ἡ
486 4541 613 4627 κάμινος
631 4537 745 4621 ἐγίνετο
768 4539 817 4600 καὶ
837 4537 902 4602 ἀντὶ
921 4539 1063 4624 ὀδυρμῶν
1085 4534 1172 4602 ἔνδον
1191 4538 1280 4622 ύμνοι
1295 4537 1454 4602 ἐτελοῦντο
