3517 5434
324 687 349 740 B
366 685 493 746 22-2&
861 673 904 738 w

282 840 459 929 “finoqn‘av
485 840 632 923 τιμωρίας
656 837 733 902 κατὰ
762 839 1005 923 τῆςὰμαρτίας,
1033 837 1110 902 κατά
1138 838 1174 901 δέ
1201 840 1235 902 τὸ
1260 839 1376 923 ἀληθὲς
1399 842 1442 910 είς

325 936 413 1005 τέλος
433 937 543 1019 αὐτῆς,
571 933 647 998 ἔνθα
667 933 721 1020 κᾷν
746 937 862 1006 δίκαιος
881 935 961 1019 πέση
983 935 1114 1016 (δίκαιον
1136 936 1171 998 δὲ
1187 937 1334 1020 πολεμεῖν
1356 937 1441 1000 ἀπει·

325 1033 393 1114 κός)
423 1033 571 1116 μειζόνως
598 1032 811 1116 εύεργετεῖται.
857 1037 960 1116 μεῖζον
986 1033 1044 1118 γὰρ
1070 1035 1123 1096 τοῦ
1151 1032 1308 1115 παυθῆναι
1334 1033 1443 1104 κακίας

325 1132 358 1195 τδ
385 1135 509 1214 καρπῶν
540 1131 717 1194 ἀπολαῦσαι
744 1137 803 1196 τῶν
831 1137 885 1215 τῆς
911 1131 1021 1213 ἀρετῆς
1047 1129 1167 1210 πόνων,
1198 1129 1273 1214 ὅπερ
1301 1128 1442 1215 εὐσεβέσι

292 1227 406 1312 πμετά
432 1228 564 1290 θάνατον
594 1229 734 1312 ὑπάρχει.
791 1229 841 1302 23,
876 1230 906 1292 οί
933 1228 967 1291 δὲ
989 1228 1065 1312 πρὸς
1087 1232 1182 1290 ταῦτα
1206 1227 1441 1312 διαμαχόμενοι,

326 1325 394 1408 πρὶν
415 1327 449 1388 τὸ
473 1325 548 1388 καθ’
572 1325 647 1387 όλυυ
672 1326 823 1409 διελέγξαι
844 1326 949 1402 κακόν,
973 1326 1006 1388 ’τύ
1032 1324 1124 1408 μέρος
1148 1325 1373 1409 διαβάλλουσιν.
1415 1325 1442 1388 εἰ

325 1423 383 1506 γὰρ
411 1426 453 1493 ύις
475 1423 535 1485 ἀπὸ
557 1422 663 1492 κακίας
685 1424 890 1508 ύφεστηκυίας
911 1423 962 1486 καὶ
984 1423 1082 1506 ἀρχῆς
1100 1423 1236 1506 ἀνάρχου
1260 1421 1330 1490 τοὺς
1351 1422 1441 1486 πολέ-

328 1543 404 1603 μους
425 1522 496 1604 ημῖν
520 1521 784 1604 κατακομίξυυσιν,
806 1524 899 1588 αὐτόν
919 1545 953 1606 γε
976 1525 1026 1588 τόν
1048 1521 1179 1584 θάνατον
1202 1517 1252 1582 καὶ
1276 1515 1367 1600 μόνον
1391 1541 1441 1584 κα-

327 1618 409 1682 κίσαι
426 1622 581 1701 προσῆκον
593 1616 629 1701 ἧν
642 1616 756 1688 αὐτοῖς.
787 1623 925 1705 περιττὸν
942 1619 1000 1704 γὰρ
1020 1619 1073 1688 τὰς
1091 1616 1261 1700 προφάσεις
1281 1614 1441 1693 ἐξετάζειν,

277 1736 311 1788 10
328 1720 382 1778 τοῦ
407 1714 581 1796 ἀναγκαίως
602 1715 819 1799 συμβαίνοντος
840 1718 965 1803 ἀκρίτου
993 1714 1145 1798 μένοντος.
1189 1718 1256 1780 πῶς
1278 1713 1305 1774 δ’
1330 1710 1366 1774 ἀν
1391 1715 1441 1776 τὸν

326 1812 459 1876 θάνατον
486 1810 608 1874 κακίσαι
632 1811 808 1896 δυνηθεῖεν,
838 1813 1015 1878 ἀπολύοντά
1041 1835 1075 1894 γε
1099 1815 1152 1893 τῆς
1179 1811 1254 1894 ύλης
1277 1809 1370 1890 (κατὰ
1391 1813 1441 1876 τὸν

327 1907 417 1990 λόγον
444 1912 498 1971 τοῦ
527 1908 720 1992 ἀπατεῶνος)
747 1913 800 1996 τὴν
829 1913 948 1997 ψυχήνς
978 1911 1057 1972 ὥστε
1085 1907 1161 1972 κατὰ
1186 1908 1240 1990 μὲν
1264 1908 1318 1994 τὴν
1339 1908 1441 1991 κοινὴν

328 2004 418 2078 δόξαν
442 2005 551 2089 ἥκιστά
579 2028 614 2086 γε
638 2006 771 2076 θάνατος
797 2009 902 2072 κακόν.
953 2011 986 2072 τὸ
1008 2007 1065 2090 γὰρ
1089 2005 1263 2087 ἀναγκαίως
1284 2009 1348 2074 τοῖς
1369 2009 1442 2068 πᾶσι

328 2102 495 2186 συμβαῖνον
525 2103 561 2164 ού
588 2101 693 2167 κακόν.
742 2108 838 2189 μάτην
861 2106 952 2172 αὐτόν
977 2105 1027 2169 διὰ
1047 2104 1117 2172 τοὺς
1138 2103 1296 2187 πολέμους
1319 2103 1441 2187 διαβάλ-

278 2217 311 2271 15
329 2204 448 2276 λουσιν,
481 2199 571 2262 ούδέν
601 2198 695 2262 πλέον
728 2202 881 2285 ἐπάγοντα
911 2209 970 2266 τῶν
998 2201 1075 2266 κατὰ
1106 2201 1194 2286 φύσιν
1221 2199 1442 2284 ἀποκειμένων.

328 2298 355 2360 εἰ
383 2296 418 2358 δέ
446 2319 490 2365 τις
516 2297 569 2378 τὴν
596 2295 749 2380 πρόφασιν
779 2300 873 2384 αὐτὴν
903 2306 962 2364 τῶν
983 2299 1129 2380 πολέμων
1151 2298 1279 2375 κακίζοι,
1309 2297 1361 2362 εἴτ’
1388 2296 1441 2362 ούν

328 2394 419 2476 ἀργὴν
444 2391 497 2456 εἴτ’
522 2392 639 2476 ἔχθραν
660 2393 721 2456 εἴτε
743 2397 794 2460 καὶ
815 2397 1004 2471 πλεονεξίαν,
1032 2395 1088 2458 οὐκ
1109 2394 1144 2458 ἀν
1166 2397 1367 2482 διαμαρτάνοι
1388 2399 1442 2458 τοῦ

237 2512 241 2521 ·
326 2489 509 2572 πρέποντος·
532 2489 707 2573 ἀνθρώποις
727 2491 830 2573 μέντοι
849 2491 1005 2575 λογιστέον
1027 2492 1116 2556 τοῦτό
1138 2516 1184 2576 γε,
1205 2494 1442 2578 μοχθηρίηιπρο·

328 2584 446 2654 θέσεως
475 2587 557 2650 ούτω
589 2587 839 2670 διατεθειμένοις.
887 2589 932 2652 ότι
954 2591 989 2652 δὲ
1012 2592 1027 2654 ό
1052 2591 1183 2658 θάνατος
1206 2591 1314 2673 ἥκιστα
1339 2588 1443 2666 κακός,

277 2698 312 2752 w
330 2681 468 2766 δειχθείη
492 2685 624 2767 μάλιστα
648 2682 683 2746 ἀν
707 2684 843 2756 ἐκείνως.
888 2688 915 2752 εἰ
936 2687 992 2772 γὰρ
1017 2689 1057 2772 μὴ
1081 2687 1297 2751 κατὰπάντων
1320 2688 1442 2770 ὥριστο,

329 2778 347 2842 ό
376 2802 408 2841 τε
436 2781 553 2850 δίκαιος
581 2781 632 2845 διὰ
656 2785 767 2852 παντὸς
791 2782 827 2846 ἀν
851 2783 957 2848 ἐπόνει
980 2787 1055 2868 πρδς
1078 2786 1205 2870 ἀρετήν,
1234 2783 1324 2849 οὐδὲν
1348 2782 1442 2846 πλέον

327 2881 386 2940 τῶν
423 2878 558 2962 ἱδρώτων
593 2881 823 2964 καρπούμενος,
860 2881 877 2944 ό
905 2907 938 2946 τε
967 2882 1072 2952 ἄδικος
1106 2884 1137 2946 ἐν
1167 2883 1293 2966 ἡδοναῖς
1319 2881 1354 2947 ἀν
1384 2883 1443 2942 τῶν

329 2975 556 3058 ἁμαρτημάτων
578 2978 731 3046 ἀθάνατος
750 2980 869 3062 διῆγεν·
891 2982 942 3044 καὶ
960 2979 997 3064 ἧν
1015 2980 1050 3044 ἀν
1072 2982 1215 3066 ἑκάτερον
1234 2981 1300 3042 λίαν
1319 2978 1442 3042 ἄτοπον.

330 3072 346 3134 ό
379 3073 414 3134 δέ
440 3073 571 3148 θάνατος
599 3077 650 3139 καὶ
677 3076 864 3162 τὴνὰδικυν
892 3078 1005 3160 ἡδονὴν
1032 3082 1076 3162 τῷ
1103 3077 1335 3159 πλημμελοῦντι
1354 3096 1443 3136 κατα-

277 3183 312 3238 κᾶ
331 3167 450 3231 στέλλει
476 3171 528 3233 καὶ
556 3175 607 3237 τδν
636 3174 752 3238 δίκαιον
774 3173 867 3236 πόνον
891 3179 935 3258 τῷ
957 3175 1223 3256 δικαιοπραγοῦντι
1245 3170 1444 3238 καταπαύσει.

329 3265 436 3349 ἐπειδὴ
458 3267 515 3352 γάρ
537 3271 701 3352 ἀναγκαῖον
720 3271 896 3354 ἀνθρώποις
911 3273 944 3332 τὸ
967 3269 1117 3332 δύνασθαι
1131 3270 1326 3353 ἁμαρτάνειν,
1348 3264 1443 3328 αίτιον

330 3365 363 3428 δν
393 3351 621 3430 τοῦδύνασθαι
640 3368 829 3450 κατορθοῦν,
858 3369 877 3449 η
904 3368 938 3430 δέ
961 3366 1084 3436 ἐξουσία
1107 3365 1191 3450 παρὰ
1216 3366 1290 3428 θεοῦ
1315 3362 1444 3426 δοθεῖσα

329 3461 404 3544 πρὸς
433 3463 485 3544 την
521 3465 617 3527 καλοῦ
651 3463 789 3546 κάγαθοῦ
823 3467 925 3544 κτῆσιν
956 3461 1041 3546 παρὰ
1068 3466 1131 3530 τοῖς
1156 3461 1277 3525 πλείοσι
1305 3462 1381 3544 πρὸς
1409 3463 1443 3525 τὸ

329 3555 458 3620 εὔκολον
487 3564 540 3642 τῆς
570 3560 719 3646 ἁμαρτίας
745 3560 920 3634 ἀποκλίνει,
949 3563 991 3630 ὡς
1012 3557 1267 3643 θαυμασιωτέραν
1291 3557 1443 3641 εἶναιτὴν

277 3668 314 3722 ³0
330 3657 440 3740 ἀρετὴν
462 3657 626 3741 δυσχερείᾳ
645 3655 903 3740 συγκεκραμένην,
924 3655 1082 3742 ὠφέλιμός
1100 3679 1134 3738 γε
1153 3657 1169 3719 ό
1189 3654 1321 3726 θάνατος
1341 3654 1443 3720 ἑκατέ-

331 3776 410 3836 ροις,
433 3754 541 3837 δικαίῳ
560 3776 592 3816 τε
614 3755 664 3816 καὶ
684 3753 797 3838 ἀδίκιμ,
827 3759 872 3840 τιγῖ
894 3754 948 3838 μὲν
970 3755 1149 3818 ἀνάπαυλαν
1172 3756 1231 3815 τῶν
1251 3752 1370 3829 πόνιυν,
1400 3757 1445 3838 τιγῖ

330 3849 365 3912 δὲ
388 3848 476 3916 τέλος
503 3854 562 3911 τῶν
591 3850 817 3935 ἁμαρτημάτων
840 3851 997 3938 παρέχων.
1042 3849 1162 3934 ἀγαθοῦ
1186 3851 1285 3914 τοίνυν
1310 3851 1443 3934 εὑρισκο-

331 3945 424 4029 μένου
447 3943 534 4038 (ούχὶ
546 3945 638 4031 μόνον
652 3947 693 4031 μὴ
706 3954 818 4032 κακοῦ)
838 3938 901 4014 τοῦΙ
914 3952 1060 4026 θανάτου,
1081 3947 1119 4011 ού
1138 3948 1215 4012 κατὰ
1229 3951 1280 4012 τὸν
1299 3946 1444 4032 μανέντας

331 4042 434 4126 λόγον,
457 4048 499 4112 ὡς
520 4043 710 4115 ἀπολύοντος
730 4051 783 4130 τῖης
806 4048 847 4130 μὴ
871 4046 966 4131 ούσης
988 4048 1063 4130 ύλης
1084 4046 1137 4128 τὴν
1162 4048 1276 4132 ψυχὴν,
1296 4045 1376 4108 ἀλλά
1392 4045 1443 4106 τὸν

279 4153 315 4213 ab
332 4140 492 4225 εἰρημένον
522 4141 645 4226 τρόπον,
669 4148 723 4206 τοῦ
751 4144 830 4212 τίνος
858 4146 946 4229 χάριν
979 4143 1077 4228 ἀρχὴν
1098 4144 1206 4212 κακίας
1228 4143 1443 4226 ἐπινοήσαιμεν

331 4237 367 4303 ἀν
390 4241 453 4307 τοῖς
471 4240 631 4325 πολέμοις,
652 4240 722 4326 οὐχὶ
742 4241 777 4304 δὲ
799 4239 891 4323 μόνον
916 4241 968 4323 τὴν
990 4238 1094 4304 ἄδικον
1115 4239 1260 4324 πρόθεσιν
1284 4246 1344 4304 τῶν
1363 4263 1443 4326 χρω-

332 4335 431 4420 μένων
461 4337 687 4423 διαβαλοῦμεν;
719 4339 753 4401 τὸ
779 4337 836 4422 γάρ
865 4335 1033 4421 ἀποβαῖνον
1056 4337 1146 4422 (ὅπερ
1169 4337 1204 4400 ἀν
1225 4361 1267 4407 τις
1289 4338 1442 4420 λογίσαιτο

330 4437 369 4518 τῇ
389 4435 519 4520 προνοίη
537 4439 591 4498 τοῦ
613 4435 705 4517 θεοῦ)
728 4434 843 4499 δίκαιον
865 4433 922 4498 ούκ
936 4433 970 4497 ἐκ
983 4433 1122 4518 πολέμου
1146 4434 1250 4518 μόνον,
1271 4434 1352 4500 ἀλλὰ
1367 4434 1444 4498 κατὰ

331 4531 430 4594 πάντα
450 4531 561 4616 τρόπον
583 4533 653 4596 καθ’
676 4532 751 4596 ὅλου
775 4535 814 4616 τῇ
836 4530 927 4617 φύσει
949 4532 1066 4614 ἀγαθδν
1089 4531 1140 4612 (οὐ
1164 4530 1256 4617 μόνον
1277 4532 1314 4596 οῦ
1335 4529 1444 4614 κακόν)
