3517 5434
328 696 492 764 πει-ιε.
862 682 903 742 56

329 851 466 937 δειχθείη
489 848 594 926 κακόν,
617 847 755 932 εὐλόγως
776 847 938 934 ἀνατρέχει
959 846 1037 910 κατὰ
1055 852 1109 910 τοῦ
1134 847 1291 930 ὁρίσαντος
1311 847 1330 929 ἡ
1351 846 1444 910 αἰτία.

330 951 358 1013 εἰ
380 949 414 1012 δὲ
437 950 479 1031 μὴ
499 948 593 1010 κακὸν
611 947 754 1023 θάνατος,
775 946 829 1029 τὴν
851 947 1044 1030 συγχώρησιν
1063 943 1154 1028 μόνον
1169 947 1224 1006 τού
1240 950 1446 1028 προνοοῦντος

329 1053 388 1111 τῶν
410 1046 481 1110 καθ’
504 1043 587 1128 ἡμᾶς
614 1043 807 1118 ἐξεταστέον,
836 1047 891 1106 τοῦ
920 1043 1008 1128 χάριν
1033 1041 1196 1126 ἄνθρωπος
1219 1041 1316 1128 φόνου
1340 1041 1445 1126 τρόπῳ

328 1146 499 1229 περιπίπτει
528 1147 572 1226 τῳ
602 1143 643 1225 μὴ
674 1141 752 1226 κατὰ
779 1141 868 1226 φύσιν
897 1145 984 1224 κακῷ
1004 1139 1144 1224 θανάτῳ·
1175 1140 1225 1207 ,καὶ
1249 1139 1390 1224 εὑρεθείη
1413 1140 1443 1222 γ’

297 1245 315 1299 5
333 1241 369 1306 ἀν
389 1242 465 1324 αύτη
485 1239 562 1304 κατὰ
582 1239 701 1308 πολλοῖς
720 1239 771 1302 καὶ
790 1239 931 1306 ποικιλας
951 1237 1046 1305 αἰτίας
1067 1237 1287 1322 συμβαίνουσα,
1309 1236 1344 1305 ἀς
1363 1239 1445 1322 περί·

331 1361 419 1425 εργον
444 1337 480 1401 ἀν
502 1336 550 1419 εἰη
570 1336 783 1422 καταριθμεῖν.
815 1335 924 1421 δικαίῳ
945 1335 1002 1420 γὰρ
1022 1335 1073 1398 καί
1094 1335 1190 1418 ἀδίκῳ
1203 1333 1280 1398 κατὰ
1296 1334 1445 1419 διάφορον

332 1437 428 1500 αἰτίαν
451 1435 544 1499 ταύτδ
569 1434 745 1518 συμβαίνει,
777 1434 848 1497 οὔτε
870 1439 915 1516 τῷ
939 1433 1046 1518 δικαίῳ
1068 1433 1145 1516 πρὸς
1168 1431 1284 1516 βλάβην
1309 1431 1380 1494 οὔτε
1402 1437 1447 1516 τηῖ

332 1534 428 1618 ἀδίκῳ
449 1534 526 1616 πρὸς
547 1531 706 1615 τιμωρίαν.
749 1531 786 1595 ού
813 1530 870 1616 γὰρ
898 1528 1009 1614 ἀνείη
1033 1530 1165 1614 τιμωρία
1186 1531 1220 1592 τὸ
1245 1529 1322 1592 κατὰ
1345 1529 1446 1615 φύσιν,

331 1631 412 1695 ἀλλὰ
441 1631 518 1715 πρδς
548 1626 719 1711 ὑπόδειγμα
746 1629 765 1712 ή
793 1629 871 1711 πρὸς
896 1626 1022 1692 κόλασιν
1044 1625 1218 1710 ἀνηκέστων
1241 1631 1355 1691 κακῶν.
1395 1627 1448 1690 καὶ

282 1735 316 1788 10
332 1730 435 1792 πολλά
460 1752 495 1812 γε
524 1725 562 1789 τὰ
592 1723 673 1788 αἴτια
693 1731 748 1791 τοῦ
770 1728 940 1812 συγχωρεῖν
962 1725 1034 1788 θεὸν
1059 1723 1248 1810 φονεύεσθαι
1272 1723 1447 1809 ἄνθρωπον,

333 1829 426 1910 δῆλον
456 1824 559 1910 μέντοι
581 1826 624 1892 ὡς
646 1823 736 1887 οὐδὲν
761 1823 856 1886 πλέον
877 1828 933 1887 τοῦ
954 1822 1031 1886 κατὰ
1053 1827 1108 1906 τῆς
1127 1821 1251 1907 φύσεως
1273 1821 1446 1907 ὡρισμένου

333 1924 502 2010 συμβαίνει.
544 1919 601 2007 κάν
628 1920 686 2006 γὰρ
710 1922 858 2006 διάφορον
880 1918 902 2006 γ’]
926 1923 959 1984 τδ
981 1925 1034 2004 τής
1057 1918 1282 2003 περιστάσεως,
1313 1925 1446 2004 πυρετοῦ

332 2043 365 2084 τε
392 2022 443 2084 καὶ
471 2023 651 2105 πλησμονῆς
671 2016 805 2102 ἀμέτρου
832 2018 851 2101 ἢ
875 2017 1049 2082 τούναντίον
1076 2013 1179 2102 λιμοῦ,
1203 2017 1322 2103 ψύχους
1342 2040 1375 2079 τε
1396 2017 1449 2079 καὶ

332 2118 498 2202 καύματος,
528 2114 675 2200 χώματός
694 2137 727 2176 τε
754 2115 805 2177 καί
833 2116 1000 2200 λιθασμοῦ,
1021 2117 1127 2202 ξίφους
1145 2139 1178 2178 τε
1204 2117 1255 2178 καί
1278 2116 1374 2200 πυρδς
1397 2115 1448 2180 καὶ

284 2221 316 2274 15
335 2217 462 2296 ύδατος,
492 2213 573 2277 ἀλλά
593 2235 628 2294 γε
651 2211 682 2274 ἑν
703 2212 821 2281 τούτοις
843 2213 955 2278 άπασιν
980 2215 1011 2279 έν
1034 2237 1069 2298 γε
1089 2216 1122 2278 τδ
1147 2215 1325 2299 ἀποβαῖνον.
1371 2209 1447 2285 τίδ’

335 2311 370 2376 ἀν
391 2311 439 2396 εἰη
460 2315 569 2386 τοῦτο;
591 2312 625 2373 τδ
646 2311 722 2394 πρὸς
742 2315 797 2374 τοῦ
820 2311 1008 2396 δημιουργοῦ
1030 2313 1133 2382 καλῶς
1153 2333 1188 2394 γε
1210 2311 1262 2373 καὶ
1282 2307 1449 2394 προσηκόν-

333 2431 394 2477 τως
414 2406 584 2492 ὡρισμένον
608 2407 816 2475 κατὰπαντὸς
836 2409 1024 2492 τοῦγένους.
1061 2409 1115 2481 48,
1147 2409 1228 2472 ούτω
1249 2408 1303 2490 μὲν
1325 2404 1377 2469 οὑν
1398 2405 1450 2469 καί

335 2505 413 2569 κατὰ
431 2503 568 2572 πολλοὺς
590 2503 714 2587 ἑτέρους
733 2504 865 2588 τρόπους
885 2506 1021 2591 δειχθείη
1045 2506 1080 2570 ἀν
1105 2507 1195 2571 οὐδὲν
1215 2509 1275 2568 τῶν
1297 2503 1376 2568 κατὰ
1394 2504 1449 2587 τὴν

336 2600 535 2686 δημιουργίαν
563 2600 656 2662 κακδν
690 2600 760 2663 ούτε
788 2603 847 2685 μὴν
870 2607 925 2685 τῆς
944 2603 1033 2672 θείας
1050 2605 1227 2688 οἰκονομίας
1242 2626 1270 2666 τι
1289 2603 1450 2686 διαβεβλη-

283 2712 318 2764 w
336 2697 446 2783 μένον,
476 2695 557 2760 ἀλλὰ
579 2697 678 2789 πάντα
701 2697 754 2780 μὲν
778 2699 902 2784 ἀρρήτῳ
926 2701 1021 2786 σοφίᾳ
1043 2699 1250 2786 γεγενημένα,
1272 2700 1395 2784 ἀρρήτῳ
1415 2699 1451 2761 δὲ

333 2795 463 2880 προνοίη
491 2793 703 2878 διοικούμενα·
740 2797 782 2864 ὡς
810 2796 867 2861 οὐκ
898 2797 933 2862 ἂν
967 2797 1014 2884 εἴη
1044 2799 1148 2886 ῥᾴδιον
1178 2801 1245 2861 τῶν
1268 2799 1344 2882 πρδς
1372 2796 1450 2859 θεοῦ

333 2892 530 2977 γιγνομένων,
550 2896 693 2976 χρηστῶν
713 2917 746 2955 τε
766 2895 817 2957 καὶ
841 2893 930 2964 αὖθις
951 2897 1084 2982 ἀνιαρῶν
1102 2896 1180 2961 εἶναι
1193 2895 1377 2972 δοκούντων,
1399 2895 1450 2958 τδν

334 2994 406 3053 νοῦν
432 2989 687 3074 καταμανθάνειν.
729 2990 766 3054 οὐ
792 2991 850 3078 γὰρ
878 2994 972 3080 ἐχρῆν
1003 3018 1038 3078 γε
1069 2997 1127 3074 (ὡς
1157 2992 1253 3074 ἔοικε)
1284 2990 1362 3077 βατὰ
1389 2994 1453 3058 τοῖς

334 3091 424 3150 πᾶσιν
447 3086 593 3170 ὑπάρχειν
615 3091 669 3170 τῆς
686 3091 741 3150 τοῦ
762 3088 839 3152 θεοῦ
861 3091 971 3175 σοφίας
991 3091 1028 3154 τὰ
1049 3093 1198 3176 τεκμήρια
1219 3091 1338 3153 καὶτὸν
1359 3088 1450 3172 ἀρρη-

284 3199 319 3254 25
336 3183 460 3246 τονκαὶ
483 3183 695 3267 ἀκατάληπτον
716 3190 787 3249 νοῦν
810 3188 907 3272 πάντη
928 3191 1041 3273 γυμνὸν
1063 3188 1142 3252 εῖναι
1164 3189 1348 3273 ἀνθρώποις,
1373 3187 1450 3250 ὑπου

334 3302 370 3362 γε
396 3279 448 3342 καὶ
476 3280 628 3364 βασιλέως
656 3282 821 3366 ἀνθρώπου
844 3286 896 3348 καί
919 3284 1068 3370 ἄρχοντος
1090 3285 1169 3351 ἔστιν
1193 3287 1244 3350 ότε
1266 3287 1452 3350 τὰπλεῖστα

335 3381 395 3442 τῶν
430 3379 649 3462 βουλευμάτων
677 3379 858 3464 κέκρυπται,
892 3386 935 3450 ὡς
963 3385 1013 3447 καὶ
1044 3387 1077 3448 τὸ
1102 3385 1310 3470 τραπόμενον
1336 3385 1452 3467 ἄδηλον

336 3473 415 3537 εἰναι
443 3473 516 3559 ό,τῳ
537 3474 620 3560 λόγῳ
641 3479 813 3560 πράττεται.
855 3480 892 3543 ού
915 3481 1013 3544 τοίνυν
1032 3481 1155 3565 θαῦμα,
1187 3485 1214 3547 εἰ
1236 3481 1398 3568 ἄνθρωποί
1416 3503 1452 3563 γε

338 3573 379 3655 μὴ
407 3574 562 3656 χωροῦσιν
595 3573 670 3657 όλης
698 3578 751 3657 τῆς
782 3577 963 3662 διοικήσεως
991 3585 1046 3643 τοῦ
1077 3581 1153 3644 θεοῦ
1187 3579 1377 3662 τὸνλόγον,
1407 3577 1454 3647 οἷς

286 3687 321 3741 30
339 3666 483 3752 ἁρμόττει
500 3667 552 3729 καί
574 3669 646 3753 δίχα
663 3675 717 3733 τοῦ
734 3675 1001 3758 πολυπραγμονεῖν
1024 3677 1205 3742 ὑποκεῖσθαι
1220 3679 1271 3742 καὶ
1285 3677 1452 3762 ἡσυχάζειν

337 3766 388 3850 καὶ
414 3765 523 3847 ἥκιστα
550 3765 700 3850 ἀνταίρειν
726 3769 804 3833 κατὰ
829 3777 882 3856 τῆς
911 3774 1044 3859 ἀρρήτου
1074 3776 1264 3860 διοικήσεως.
1306 3775 1454 3841 πολλάκις

337 3861 394 3945 γὰρ
421 3861 496 3924 οὑδὲ
521 3863 658 3947 τεχνίτην
688 3865 740 3928 εἴτ’
766 3865 819 3931 οὑν
846 3870 1025 3953 οἰκοδομίας
1048 3873 1067 3955 ἢ
1091 3875 1260 3957 ναυπηγίας
1280 3873 1299 3956 ἢ
1322 3874 1452 3958 χαλκευ-

337 3962 422 4039 τικῖης
457 3954 602 4042 ἔμπειρον
636 3963 815 4048 αἰδούμενοι
849 3968 1135 4052 περιεργαζόμεθα,
1170 3971 1318 4034 ποιοῦντά
1349 3991 1384 4050 γε
1418 3968 1453 4030 τδ

339 4056 451 4118 οἰκεῖον
481 4053 625 4137 ἕκαστον,
656 4062 737 4126 ἀλλά
764 4069 804 4148 τῇ
827 4066 918 4150 πείρα
940 4067 1232 4136 καταπιστεύσαντες
1257 4064 1454 4151 ἐκδεχόμεθα

286 4171 322 4228 35
338 4150 465 4237 τούργον
481 4152 565 4218 ἰδεῖν.
593 4155 656 4222 ἔστι
670 4161 705 4222 δὲ
718 4161 769 4224 ότε
781 4165 832 4226 καὶ
847 4163 1099 4249 σφαλ[λ]ομένων
1117 4165 1173 4228 οὑκ
1188 4161 1453 4246 ἐπαισθανόμεθα.

338 4252 369 4314 τί
385 4248 413 4314 δ’
435 4247 470 4313 ἀν
487 4250 653 4339 [ε]ἰποιμεν
676 4259 745 4342 περὶ
767 4265 820 4344 τῆς
842 4261 917 4346 ὑπὲρ
940 4261 1059 4323 ἅπαντα
1072 4267 1142 4325 νοῦν
1159 4263 1270 4348 σοφίας
1291 4266 1346 4325 τοῦ
1366 4261 1454 4338 θεοῦ,

338 4350 375 4432 ἣν
394 4351 531 4432 προσῆκε
551 4358 697 4424 νοοῦντας
712 4357 763 4419 καὶ
780 4359 821 4442 μή
836 4362 983 4426 νοοῦντας
997 4357 1222 4442 ἐκπλήττεσθαί
1234 4383 1267 4422 τε
1283 4361 1335 4423 καὶ
1350 4363 1438 4442 τιμᾶν
1444 4382 1454 4434 3

340 4448 392 4522 40.
424 4450 451 4512 εἰ
469 4443 505 4506 δέ
523 4470 567 4517 τις
588 4449 638 4514 διὰ
657 4454 692 4517 τδ
715 4455 756 4540 μὴ
775 4457 1021 4542 καταλαμβάνειν
1043 4457 1093 4518 τὸν
1114 4454 1203 4539 λόγον
1224 4462 1283 4520 τῶν
1302 4455 1453 4521 πλειόνων

313 4550 416 4634 -πρδς
440 4549 517 4616 θεοῦ
543 4552 730 4635 γιγνομένων
751 4551 877 4616 ἐκπέσοι
899 4553 975 4638 πρδς
998 4551 1131 4623 ἀτόπους
1150 4553 1228 4618 κατὰ
1253 4556 1329 4620 θεοῦ
1353 4553 1454 4630 δόξας,
