3517 5434
394 722 430 778 66
821 718 889 790 Περὶ
905 715 1018 785 νοήσεως
1356 737 1411 788 cap.
1429 718 1455 772 9.

395 879 565 953 κινοῦντα,
593 871 635 939 τοί
663 876 698 940 dd
720 870 776 940 dui
803 869 990 958 πνεύματος
1017 871 1256 950 ζωοποιοῦντα,
1286 868 1328 936 τὰ
1357 875 1391 939 δὲ
1414 870 1455 938 τό

396 983 580 1073 κενμηιιότα
608 979 841 1072 ῦποδεχόμενα.
887 987 943 1050 καὶ
970 979 1115 1060 εἰκότως·
1143 983 1273 1066 μᾶλλον
1302 985 1337 1048 δὲ
1364 987 1456 1066 λέγω,

398 1096 451 1166 ὅτι
473 1097 532 1164 οὐκ
554 1092 654 1176 αὐτὸς
676 1092 763 1162 αὐτοὶ
784 1099 863 1183 ἔχει,
892 1089 978 1160 ἀλλὰ
1001 1089 1038 1160 τὸ
1062 1092 1191 1174 ἀληθὲς
1213 1091 1456 1185 ἀποφαίνομαι,
1475 1105 1491 1160 ³

399 1206 499 1288 αὐτὸς
528 1206 662 1275 danorii
690 1213 793 1275 ἐστιν·
823 1205 883 1276 οὐκ
911 1207 1037 1284 ἔξωθεν
1064 1199 1150 1270 αὐτὰ
1178 1202 1455 1291 προσλαμβάνων,

399 1321 459 1402 ἔξω
487 1323 523 1388 δὲ
550 1316 723 1397 ἐπιδιδούς.
774 1322 830 1386 καὶ
865 1315 965 1384 τοῦτό
994 1323 1081 1384 ἐστιν
1109 1314 1130 1396 ἡ
1160 1315 1321 1396 αἴσθησις
1348 1319 1408 1382 καί.
1434 1314 1455 1396 ἡ
1552 1382 1554 1386 ,

399 1430 514 1514 νόησις
536 1436 597 1498 τοῦ
619 1433 712 1511 θεοῦ,
735 1425 773 1497 τό
795 1424 838 1496 eci
860 1426 970 1494 πάντα
992 1426 1045 1494 ἀεὶ
1066 1435 1183 1496 κινεῖ-ν·
1206 1431 1262 1494 καὶ
1285 1425 1343 1497 οῦκ
1365 1431 1492 1496 dcccco

400 1547 479 1612 nord
504 1538 640 1631 χρόνος,
668 1538 723 1607 ὅτε
750 1537 1040 1631 ἀπολειφθήσεταί
1066 1564 1098 1604 τι
1124 1540 1190 1606 νῦν
1220 1533 1339 1607 όντων·
1375 1535 1457 1606 ὅταν

402 1657 437 1722 δὲ
464 1657 546 1738 λέγω
574 1654 640 1719 τῶν
667 1646 788 1731 ὄντων,
822 1654 905 1737 λέγω
934 1653 994 1718 τοῦ
1029 1652 1125 1718 θεοῦ.
1175 1645 1218 1717 τό
1239 1647 1303 1738 γὰρ
1332 1645 1455 1718 όνταὸ

399 1761 484 1843 θεὸς
511 1766 588 1849 ἔχει,
611 1766 667 1832 καὶ
697 1758 770 1832 orire
793 1762 897 1831 αὐτοῦ
919 1761 1013 1830 οὐδὲν
1034 1757 1126 1840 ἐκτὸς
1147 1757 1221 1830 οὔτε
1243 1756 1343 1838 αὐτὸς
1365 1755 1491 1836 turico

315 1864 317 1869 ¹
400 1873 543 1957 οὐδενός

333 1989 374 2057 10
468 1984 583 2057 Τοῦτό
603 2009 666 2066 σοι,
693 1987 867 2067 Ἀσκληπιέ,
890 1986 1057 2054 ἐννοοῦντι
1073 1983 1190 2066 ἀληθῆ
1206 1983 1337 2066 δόξειεν,
1359 1983 1456 2069 ἀγνο-

402 2104 493 2168 οῦντι
517 2101 552 2164 δὲ
574 2093 718 2168 dococta..
753 2092 1027 2186 τόρόιρνοῇσαί
1056 2102 1124 2172 ἐστι
1145 2091 1184 2162 τὸ
1206 2099 1391 2178 πιστεῦσαι,
1420 2091 1456 2162 τὸ
1477 2114 1510 2164 12

406 2211 589 2291 ἀπιστῆσαι
611 2211 645 2274 δὲ
668 2204 707 2275 τό
729 2205 777 2295 μὴ
805 2210 935 2288 νοῆσαι.
982 2204 1087 2296 ὁγιίρ
1116 2205 1214 2294 λόγος
1239 2233 1304 2294 μον
1330 2205 1487 2298 φθόνει-

407 2327 503 2407 μέχρι
525 2325 585 2401 τῆς
607 2317 787 2399 ἀληθείας,
816 2318 835 2384 ὁ
859 2319 895 2383 δὲ
916 2321 994 2396 νοῦς
1021 2325 1124 2406 μέγας
1146 2323 1215 2386 ἐστὶ
1236 2321 1292 2386 καὶ
1313 2313 1378 2384 ὑπό
1400 2320 1460 2383 τοῦ

404 2428 507 2515 λόγον
540 2434 633 2517 μέχρι
662 2424 750 2507 τινός
785 2427 976 2515 ὁδηγηθείς,
1010 2428 1161 2521 φθάνειν
1191 2434 1253 2518 ἔχει
1286 2432 1345 2512 τῆς
1377 2427 1458 2509 cila-
1479 2449 1511 2498 15

404 2545 520 2620 θείας·
557 2544 612 2610 καὶ
648 2538 848 2627 περινοήσας
874 2537 917 2607 τὰ
945 2538 1055 2609 πόντοι
1084 2545 1140 2610 καὶ
1169 2537 1270 2632 εὑρών
1297 2539 1459 2633 σόμρωνα

405 2664 476 2732 τοῖς
498 2648 562 2718 ὑπὸ
585 2656 644 2720 τοῦ
671 2649 772 2738 λόγον
800 2658 1052 2742 έρμηνεοθεῖσιν
1080 2658 1260 2734 ἐπίστευσε,
1288 2657 1344 2722 καὶ
1366 2659 1400 2721 ἑν
1421 2655 1460 2744 τῇ

402 2766 486 2858 καλῇ
517 2768 625 2830 πίστει
654 2760 915 2832 ἑπανεπαῦσατο.
973 2775 1043 2848 τοῖς
1076 2758 1136 2835 οὖν
1166 2762 1208 2833 τὰ
1240 2769 1459 2854 προειρημένα
1478 2783 1512 2835 18

356 2963 359 2966 ἦ
402 2871 467 2943 ὑπὸ
489 2877 549 2942 τοῦ
572 2877 659 2943 θεοῦ
679 2871 822 2959 νοήσασι
848 2880 910 2964 μὲν
937 2876 1053 2960 πιστοί,
1081 2872 1128 2964 μή
1157 2875 1298 2960 νοήσασι
1327 2879 1361 2944 δὲ
1384 2873 1459 2941 cinr-

475 3137 499 3192 9.
518 3141 595 3200 ἐκτός
612 3155 668 3193 ante
687 3137 804 3208 οῦδενός]
827 3141 861 3192 eie
879 3141 956 3204 Patr..
975 3163 1025 3194 om.
1048 3140 1148 3210 reliqui.
1229 3140 1270 3192 13.
1293 3137 1359 3210 μου]
1377 3139 1411 3190 sic
1430 3140 1460 3197 Λ,

474 3247 522 3297 μοι
539 3227 639 3296 reliqui.
713 3228 753 3281 Π.
773 3225 811 3293 ἐν]
829 3227 865 3278 sic
883 3225 959 3291 Pate,
977 3247 1027 3279 om.
1046 3224 1147 3294 reliqui.

406 3419 472 3494 quin
492 3419 571 3472 etiam
589 3415 661 3484 dico,
678 3435 714 3470 ne
731 3418 820 3491 ipsum
838 3413 947 3488 quidem
965 3415 1121 3480 echeberti,
1139 3413 1188 3468 sed
1200 3431 1291 3468 verum
1303 3413 1462 3490 pronuncio,

405 3505 466 3580 ipse
490 3501 576 3556 omnia
600 3507 657 3564 eet3
679 3519 733 3556 non
757 3499 926 3554 extrinsecos
945 3518 975 3556 ea
994 3499 1159 3576 suscipiens,
1178 3497 1227 3556 eed
1245 3509 1319 3555 extra
1337 3498 1461 3575 largiens.

405 3598 434 3644 et
456 3587 501 3644 lric
524 3604 622 3642 conano
640 3593 668 3640 et
684 3582 834 3641 intellectio
852 3591 895 3640 eat
912 3583 969 3654 dei,
992 3586 1080 3642 omnia
1098 3605 1205 3662 semper
1221 3605 1341 3658 morem
1363 3595 1390 3640 et
1407 3605 1462 3642 non

406 3676 458 3731 erit
476 3692 591 3749 unquam
610 3680 730 3748 tempus,
757 3667 863 3744 qnando
881 3669 990 3728 deliciet
1008 3671 1110 3750 aliquid
1133 3674 1246 3740 entium
1270 3671 1377 3751 quando
1398 3691 1462 3728 vero

407 3842 552 3919 quidquam
570 3852 614 3898 eat
630 3862 718 3919 neque
735 3846 796 3921 ipse
813 3853 888 3901 extra
905 3843 998 3903 ullum.

460 3927 533 3984 Haec
551 3929 610 3998 tibi,
629 3949 645 3984 o
662 3929 783 4009 Asclepi‚
801 3931 964 4008 intelligenti
981 3952 1044 3990 vera
1057 3931 1229 4002 videbuntur,
1247 3932 1379 4008 ignoranti
1397 3948 1462 3986 vero
1536 4001 1540 4010 Ι

407 4014 584 4071 incredibilia.
619 4037 679 4074 nam
697 4017 848 4094 intelligere
866 4028 909 4074 est
928 4018 1047 4084 credere.
1058 4040 1120 4084 ⁴uon
1139 4019 1250 4077 eredere
1268 4037 1333 4072 vero
1351 4035 1405 4072 non
1424 4016 1463 4070 in·

407 4098 531 4174 telligere
548 4112 599 4158 eet.
626 4124 715 4162 sermo
734 4107 804 4161 enirn
821 4125 897 4160 mene
916 4107 1044 4181 pertingit
1061 4127 1147 4184 usque
1166 4105 1200 4162 ad
1218 4106 1367 4170 veritatem,
1387 4101 1464 4157 intel-

406 4184 493 4244 lectos
510 4207 576 4244 vero
594 4211 704 4265 magnus
722 4202 765 4248 est
783 4201 810 4247 et
828 4211 844 4246 a
861 4211 984 4246 sermone
1003 4191 1194 4267 quadamtenus
1214 4187 1344 4244 deductus
1363 4189 1463 4263 pertin·

405 4293 469 4350 gere
486 4282 578 4352 poteet
595 4275 630 4332 ad
647 4279 800 4345 veritatem
824 4285 852 4332 et
870 4279 958 4333 animo
981 4280 1135 4352 excogitans
1159 4284 1253 4331 cuncta
1278 4283 1306 4332 et
1322 4275 1462 4330 inveniens

408 4380 526 4418 consona
549 4363 585 4418 iie
608 4381 676 4438 qnae
701 4383 790 4420 nermo
807 4371 851 4420 eet
872 4364 1077 4441 interpretatae,
1100 4361 1226 4430 credidit,
1249 4371 1276 4418 et
1299 4363 1326 4418 in
1350 4359 1461 4440 pulchra

406 4445 462 4505 lide
479 4450 617 4526 requievit.
653 4450 689 4506 iio
706 4469 770 4525 ergo
787 4451 833 4527 qui
856 4448 991 4526 praedicta
1011 4471 1024 4506 a
1044 4448 1096 4508 deo
1115 4447 1303 4508 intellexeruut
1322 4445 1462 4508 credibilia
