3517 5434
841 673 900 734 109
1313 682 1425 759 Γρηγόρ.

313 837 493 925 ἔχοντα[..],
506 837 579 902 καθ’
591 839 629 922 ἢν
644 839 715 903 οὔτε
728 838 874 924 θεότητες
886 844 966 925 τρεῖς
978 837 1048 902 οῦτε
1062 837 1235 924 κυριότητες
1248 839 1332 920 [οὔτε
1345 838 1425 922 ἁγιό·

311 941 423 1022 τητες],
448 935 517 1001 ἀλλ’
543 936 686 1021 ἀληθῶς,
713 943 774 1001 τῶν
795 943 887 1024 τριῶν
905 938 1082 1022 προσώπων
1107 935 1258 1022 μενόντων
1282 937 1425 1024 βεβαίως,

311 1041 372 1099 τῶν
399 1040 491 1120 τριῶν
517 1034 571 1117 τήν
598 1033 706 1097 ἕνωσιν
735 1035 955 1121 ὁμολογητέον.
1003 1035 1084 1099 οῦτω
1111 1034 1169 1120 γὰρ
1197 1037 1249 1100 καὶ
1277 1037 1310 1100 τδ
1337 1037 1426 1117 [ἀπο-

313 1132 439 1196 στέλλον
462 1133 514 1197 καί
535 1131 585 1210 τὸ]
607 1131 876 1218 ἀποστελλόμενον
901 1134 1022 1202 οἰκείως
1045 1131 1081 1198 ἀν
1103 1133 1287 1211 πιστεῦοιτο,
1312 1133 1384 1196 καθ’
1410 1133 1426 1196 δ

311 1229 411 1314 πατήρ
436 1229 487 1292 τόν
510 1230 575 1292 υίδν
597 1228 773 1293 ἀπέστειλεν
797 1232 848 1294 καὶ
874 1233 939 1301 οίδς
960 1233 994 1296 τό
1017 1235 1139 1312 πνεῦμα
1162 1231 1359 1296 ἀποστέλλει·
1392 1232 1459 1300 θνα

312 1327 347 1390 δδ
371 1324 538 1411 πρόσωπον
568 1326 626 1390 οῦκ
653 1325 689 1390 ἀν
721 1326 870 1413 πέμψειεν
904 1327 978 1391 αότδ
1011 1326 1114 1391 ἑαυτό.
1160 1327 1217 1392 οῦκ
1241 1327 1277 1392 ἀν
1301 1329 1358 1412 γάρ
1384 1351 1428 1399 τις

312 1422 394 1486 εἴποι
422 1422 542 1508 πατέρα
573 1423 783 1508 σαρκωθέντα.
828 1425 866 1489 τὰ
893 1426 951 1510 γὰρ
979 1429 1033 1508 τῆς
1053 1424 1183 1494 πίστεως
1206 1427 1427 1510 ὁμολογήματα

312 1525 378 1592 ταῖς
402 1526 463 1584 τῶν
494 1519 644 1605 αἱρέσεων
672 1520 709 1584 οῦ
741 1524 957 1608 συνδραμεῖται
982 1521 1184 1593 κακοδοξίαις.
1228 1524 1337 1588 δεῖδὲ
1364 1528 1428 1594 τοῖς

311 1619 408 1687 θείοις
429 1618 480 1681 καὶ
501 1617 718 1687 ἀποστολικοῖς
740 1618 887 1704 δόγμασιν
910 1619 1040 1684 ἕπεσθαι
1058 1618 1111 1688 τὰς
1127 1620 1279 1705 ἡμετέρας
1299 1621 1426 1700 ἐννοίας,

311 1717 349 1780 οῦ
379 1715 434 1784 τὰς
459 1713 613 1799 ήμττέρας
641 1716 811 1785 ἀδυνάτους
834 1718 1004 1802 φαντασίας
1030 1715 1067 1779 τὰ
1099 1721 1151 1800 τῆς
1180 1717 1267 1787 θείας
1294 1719 1425 1789 πίστεως
1446 1731 1478 1783 1⁰

313 1813 473 1900 βιάζεσθαι
493 1811 642 1895 δόγματα.
683 1812 736 1875 ἐὰν
758 1814 793 1877 δὲ
815 1811 925 1877 εἴπωσι
944 1813 1017 1883 Πῶς
1032 1814 1100 1898 τρία
1120 1813 1273 1898 πρόσωπα
1295 1817 1428 1887 καὶπῶς

313 1911 368 1996 μία
396 1909 524 1994 θεότηςρ
556 1910 687 1995 ἐροῦμεν
716 1910 819 1980 αὐτοῖς
848 1911 895 1974 ὅτι
916 1912 983 1996 τρία
1008 1913 1062 1995 μὲν
1084 1911 1237 1998 πρόσωπα
1259 1913 1328 1999 καθ’
1353 1914 1370 1978 δ
1395 1915 1427 1978 ἓν

313 2009 368 2093 μὲν
392 2008 469 2071 θεοῦ
492 2004 617 2090 πατρός,
641 2007 673 2070 ἓν
697 2007 732 2070 δὲ
753 2008 860 2093 κυρίου
884 2009 952 2071 οίοῦ
974 2010 1025 2072 καὶ
1048 2008 1080 2072 ἓν
1104 2013 1158 2072 τοῦ
1185 2011 1272 2093 ἁγίου
1295 2011 1441 2096 πνεῦμα·

311 2129 379 2184 τος,
409 2106 464 2189 μία
489 2105 525 2168 δὲ
552 2103 665 2189 θεότης
690 2105 760 2168 καθ’
784 2105 802 2171 δ
824 2111 879 2170 τοῦ
902 2108 1016 2190 πατρὸς
1040 2106 1109 2175 ἑνδς
1131 2105 1226 2196 όντρς,
1255 2109 1331 2172 θεοῦ
1353 2107 1427 2194 [δθ]

313 2205 403 2268 εἰκῶν
418 2202 497 2266 ἐστιν
510 2204 527 2266 6
541 2202 616 2283 υἱός,
637 2203 720 2266 τοῦτ’
737 2203 799 2267 ἐστὶ
819 2203 893 2272 θεός
906 2204 940 2266 ἐκ
955 2202 1042 2280 θεοῦ,
1057 2205 1108 2268 καὶ
1126 2205 1159 2267 τδ
1175 2209 1296 2287 πνεῦμα
1311 2207 1428 2290 δμοίως
1445 2217 1478 2272 16

312 2303 451 2366 καλεῖται
479 2304 534 2364 τοῦ
559 2301 649 2378 θεοῦ,
676 2302 727 2364 καὶ
753 2305 842 2366 τοῦτο
868 2305 1006 2386 φυσικῶς
1026 2300 1094 2365 κατ’
1118 2301 1211 2385 αὐτήν
1235 2303 1288 2386 τήν
1310 2302 1428 2384 οίισίαν,

313 2397 350 2464 οῦ
370 2398 448 2462 κατὰ
469 2398 634 2482 μετουσίαν
654 2397 746 2461 θεοῦ·
775 2399 826 2462 καὶ
848 2399 903 2482 μία
925 2402 979 2482 τῆς
1000 2399 1123 2482 τριάδος
1144 2397 1249 2475 οὐσία,
1278 2399 1353 2486 ὅπερ
1378 2401 1427 2466 ἐπὶ
1478 2420 1481 2426 ·

312 2501 371 2560 τῶν
400 2496 582 2580 ποιημάτων
609 2494 666 2558 οῦκ
693 2492 784 2563 ἔστιν.
829 2495 867 2560 οῦ
896 2495 953 2581 γὰρ
984 2497 1038 2580 μία
1067 2495 1157 2559 οίισία
1185 2495 1262 2562 θεοῦ
1292 2501 1342 2563 καὶ
1367 2505 1426 2564 τῶν

311 2594 503 2677 ποιημάτων,
524 2592 571 2657 ότι
589 2591 681 2656 οῦδὲν
703 2592 819 2657 τοῦτων
842 2600 882 2677 τῇ
905 2593 996 2678 οῦσίηι
1015 2592 1104 2674 θεός,
1135 2594 1205 2658 ἀλλ’
1228 2593 1302 2659 οῦδὲ
1324 2597 1429 2682 κῦριος

313 2691 404 2755 οῦδὲν
434 2688 551 2753 τοῦτων
583 2688 648 2752 κατ’
678 2690 802 2767 οῦσίαν,
831 2690 900 2752 ἀλλ’
931 2691 975 2760 είς
1003 2690 1107 2775 κόριος
1136 2692 1156 2754 δι
1178 2691 1244 2760 οίδς
1264 2695 1315 2756 καὶ
1337 2694 1368 2757 ἓν
1392 2697 1425 2759 τό
1444 2703 1479 2757 δῦ

311 2793 433 2873 πνεῦμα
452 2788 486 2850 τδ
512 2785 613 2869 ἀγιον·
637 2785 767 2871 λέγομεν
794 2789 829 2850 δὲ
850 2788 902 2850 καὶ
923 2789 992 2870 μίαν
1013 2787 1148 2871 θεότητα
1166 2789 1217 2851 καὶ
1237 2789 1307 2872 μίαν
1329 2813 1383 2875 κυρ
1399 2792 1427 2855 6·

311 2910 388 2971 τητα
412 2886 463 2949 καί
494 2884 564 2968 μίαν
593 2881 740 2967 ἁγιότητα
765 2885 819 2974 τήν
844 2886 970 2969 τριάδα·
1005 2885 1050 2948 ὅτι
1075 2889 1130 2949 τοῦ
1157 2885 1263 2970 κυρίου
1288 2887 1304 2950 6
1327 2889 1427 2974 πατὴρ

313 2985 411 3069 ἀρχή,
432 2983 539 3051 ἀιδίως
558 2981 650 3046 αὐτὸν
669 2981 828 3065 γεννήσας,
847 2983 899 3044 καὶ
918 2981 1118 3066 πρωτότυπος
1139 2987 1194 3046 τοῦ
1215 2982 1389 3067 πνεύματος
1411 2988 1427 3051 ό

312 3081 432 3166 κῦριος·
456 3080 538 3144 οῦτω
558 3077 686 3162 γὰρκαὶ
707 3078 724 3143 6
746 3081 847 3164 πατὴρ
869 3079 974 3165 κύριος
996 3081 1047 3144 καὶ
1070 3080 1086 3144 6
1108 3082 1173 3150 υίδς
1190 3081 1337 3150 θεδςκαὶ
1358 3085 1428 3168 περὶ

312 3183 366 3242 τοῦ
393 3178 469 3241 θεοῦ
498 3176 617 3260 εἴρηται
641 3175 687 3240 ότι
709 3182 849 3261 ,πνεῦμα
871 3180 889 3242 6
909 3177 1013 3246 θεός“.
1056 3179 1272 3262 ὁμολογοῦμεν
1294 3177 1348 3242 οῦν
1373 3180 1427 3244 ἕνα
1444 3187 1479 3242 δῦ

313 3275 386 3338 θεὸν
415 3274 579 3359 ἀληθινόν,
612 3275 682 3359 μίαν
711 3275 829 3360 ἀρχήν,
860 3277 912 3340 καὶ
940 3275 995 3338 ἕνα
1016 3274 1098 3351 υἱόν,
1130 3274 1276 3359 ἀληθινόν
1299 3275 1372 3340 θεὸν
1396 3277 1428 3349 ἐξ

312 3372 462 3457 ἀληθινοῦ
476 3372 565 3450 θεοῦ,
583 3376 720 3459 φυσικῶς
732 3374 785 3457 τήν
799 3375 944 3458 πατρικήν
958 3371 1092 3457 θεότητα
1106 3370 1229 3458 ἔχοντα,
1247 3375 1329 3438 τοῦτ’
1349 3375 1427 3439 ἐστὶν
1491 3412 1493 3414 -

313 3470 479 3555 δμοοῦσιον
502 3476 548 3557 τῷ
575 3471 681 3554 πατρί,
707 3472 759 3534 καὶ
787 3471 818 3535 ἓν
844 3477 967 3556 πνεῦμα
996 3471 1082 3554 ἅγιον
1111 3470 1202 3556 φύσει
1222 3471 1274 3534 καὶ
1296 3471 1428 3557 ἀληθείη

311 3571 372 3630 τῶν
398 3568 520 3632 πάντων
547 3567 719 3649 ἁγιαστικδν
749 3569 801 3631 καὶ
829 3569 976 3634 θεοποιδν
1011 3569 1045 3633 ἐκ
1071 3573 1130 3652 τῆς
1148 3567 1254 3638 οῦσίας
1276 3574 1331 3634 τοῦ
1351 3569 1428 3634 θεοῦ
1452 3620 1453 3623 ¹
1481 3595 1484 3602 ¹

313 3663 463 3747 ῦπάρχον.
502 3663 574 3732 τοῦς
599 3663 634 3726 δὲ
664 3664 684 3747 ή
712 3667 764 3728 τόν
793 3667 858 3729 υίδν
888 3668 907 3752 ἢ
938 3669 971 3731 τό
999 3671 1122 3752 πνεῦμα
1150 3668 1184 3730 τδ
1209 3666 1293 3750 ἅγιον
1316 3667 1426 3751 κτίσμα
1444 3678 1479 3732 w

312 3758 458 3842 λέγοντας
477 3759 753 3844 ἀναθεματίζομεν,
776 3761 814 3826 τὰ
837 3764 872 3827 δὲ
891 3763 972 3828 ἀλλα
989 3767 1088 3828 πάντα
1107 3765 1321 3848 ὁμολογοῦμεν
1341 3765 1428 3848 ποιή-

313 3880 394 3942 ματα
417 3858 469 3920 καὶ
490 3858 590 3921 δοῦλα
612 3856 771 3922 κτισθέντα
792 3860 851 3924 ῦπδ
873 3861 951 3925 θεοῦ
974 3863 1012 3925 δι’
1037 3865 1106 3927 υίοῦ
1128 3863 1206 3945 [καὶ]
1230 3862 1261 3926 ἐν
1282 3861 1429 3945 πνεύματι

313 3955 391 4040 ἀγίιρ
420 3953 615 4037 ἀγιασθέντα.
666 3953 710 4020 ἔτι
741 3957 955 4042 ὁμολογοῦμεν
986 3961 1037 4024 τδν
1070 3961 1135 4024 υίδν
1169 3966 1224 4024 τοῦ
1255 3959 1331 4023 θεοῦ
1364 3959 1428 4022 υίδν

312 4053 480 4138 ἀνθρώπου
499 4053 693 4137 γεγενῆσθαι,
720 4052 779 4117 οῦκ
798 4054 926 4138 όνόματι
945 4055 1027 4119 ἀλλὰ
1049 4058 1193 4142 ἀληθείη,
1213 4054 1428 4142 προσλαβόντα
1474 4063 1476 4068 ’

313 4150 412 4233 σάρκα
450 4149 485 4214 ἐκ
514 4147 637 4234 Μαρίας
669 4150 846 4236 παρθένου,
885 4153 936 4216 καὶ
969 4151 1047 4216 εἶναι
1082 4153 1199 4218 τέλειον
1235 4153 1326 4218 αότδν
1362 4154 1426 4217 υίδν
1444 4167 1478 4222 δῦ

311 4244 389 4310 θεοῦ
416 4249 467 4312 καί
495 4245 587 4312 αῦτδν
618 4249 683 4313 υἱὸν
713 4243 899 4333 ἀνθρώπου,
929 4249 961 4312 ἓν
988 4250 1173 4334 πρόσωπον,
1202 4251 1254 4315 καὶ
1280 4251 1350 4335 μίαν
1374 4251 1427 4334 τήν

311 4343 515 4429 προσκῦνησιν
544 4351 600 4410 τοῦ
629 4344 723 4428 λόγου
748 4347 873 4430 καὶτῆς
893 4347 1061 4430 σαρκδςῆν
1085 4348 1245 4434 ἀνέλαβεν.
1285 4349 1336 4412 καὶ
1358 4348 1428 4411 ἀνα-

312 4439 517 4525 θεματίζομεν
532 4442 605 4511 τοῦς
619 4441 788 4528 διαφόρους
802 4443 1025 4529 προσκυνήσεις
1037 4449 1212 4521 ποιοῦντας,
1235 4445 1304 4528 μίαν
1322 4444 1427 4528 θεϊκήν

312 4538 364 4602 καὶ
383 4540 454 4624 μίαν
470 4539 676 4625 ἀνθρωπίνην,
700 4541 751 4604 καλ
771 4544 1018 4626 προσκυνοῦντας
1042 4542 1093 4606 τδν
1116 4540 1151 4606 ἐκ
1167 4539 1291 4627 Μαρίας
1310 4540 1427 4626 ἀνθρω-
