<?xml version="1.0" encoding="UTF-8"?>
<!DOCTYPE html PUBLIC "-//W3C//DTD XHTML 1.0 Transitional//EN"
    "http://www.w3.org/TR/xhtml1/DTD/xhtml1-transitional.dtd">
<html xmlns="http://www.w3.org/1999/xhtml" xml:lang="en" lang="en">
 <head>
  <title>
</title>
<meta http-equiv="Content-Type" content="text/html;charset=utf-8" />
  <meta name='ocr-system' content='tesseract 3.04.00' />
  <meta name='ocr-capabilities' content='ocr_page ocr_carea ocr_par ocr_line ocrx_word'/>
</head>
<body>
  <div class='ocr_page' id='page_1' title='image "./poemander00trisgoog_0173.png"; bbox 0 0 3517 5434; ppageno 0'>
   <div class='ocr_carea' id='block_1_1' title="bbox 856 655 1425 730">
    <p class='ocr_par' dir='ltr' id='par_1_1' title="bbox 856 655 1425 730">
     <span class='ocr_line' id='line_1_1' title="bbox 856 655 1425 730; baseline 0.009 -5"><span class='ocrx_word' id='word_1_1' title='bbox 856 655 877 714; x_wconf 75' lang='lat'>⁵</span> <span class='ocrx_word' id='word_1_2' title='bbox 1273 673 1425 730; x_wconf 80' lang='grc' dir='ltr'>κο-ιι,</span> 
     </span>
    </p>
   </div>
   <div class='ocr_carea' id='block_1_2' title="bbox 307 807 1425 910">
    <p class='ocr_par' dir='ltr' id='par_1_2' title="bbox 307 807 1425 910">
     <span class='ocr_line' id='line_1_2' title="bbox 307 807 1425 910; baseline 0.009 -29"><span class='ocrx_word' id='word_1_3' title='bbox 307 818 343 881; x_wconf 84' lang='grc' dir='ltr'>δὲ</span> <span class='ocrx_word' id='word_1_4' title='bbox 375 816 594 900; x_wconf 85' lang='grc' dir='ltr'>συναγένητος,</span> <span class='ocrx_word' id='word_1_5' title='bbox 624 815 710 882; x_wconf 82' lang='grc' dir='ltr'>ἔσται</span> <span class='ocrx_word' id='word_1_6' title='bbox 755 820 854 882; x_wconf 88' lang='grc' dir='ltr'>πλείω</span> <span class='ocrx_word' id='word_1_7' title='bbox 885 821 936 882; x_wconf 82' lang='grc' dir='ltr'>καί</span> <span class='ocrx_word' id='word_1_8' title='bbox 971 819 1073 884; x_wconf 89' lang='grc' dir='ltr'>οὐκέτι</span> <span class='ocrx_word' id='word_1_9' title='bbox 1108 821 1163 886; x_wconf 84' lang='grc' dir='ltr'>δύο</span> <span class='ocrx_word' id='word_1_10' title='bbox 1185 807 1238 886; x_wconf 87' lang='grc' dir='ltr'>Ιτά</span> <span class='ocrx_word' id='word_1_11' title='bbox 1273 825 1425 910; x_wconf 81' lang='grc' dir='ltr'>ἀγένητα·</span> 
     </span>
    </p>
   </div>
   <div class='ocr_carea' id='block_1_3' title="bbox 305 912 1559 4607">
    <p class='ocr_par' dir='ltr' id='par_1_3' title="bbox 305 912 1559 4607">
     <span class='ocr_line' id='line_1_3' title="bbox 307 912 1426 1002; baseline 0.009 -25"><span class='ocrx_word' id='word_1_12' title='bbox 307 916 423 998; x_wconf 84' lang='grc' dir='ltr'>ἀνάγκη</span> <span class='ocrx_word' id='word_1_13' title='bbox 452 912 510 997; x_wconf 80' lang='grc' dir='ltr'>γὰρ</span> <span class='ocrx_word' id='word_1_14' title='bbox 542 913 633 998; x_wconf 79' lang='grc' dir='ltr'>ἕτερα</span> <span class='ocrx_word' id='word_1_15' title='bbox 657 916 817 1000; x_wconf 75' lang='grc' dir='ltr'>τυγχάνειν</span> <span class='ocrx_word' id='word_1_16' title='bbox 846 917 949 980; x_wconf 87' lang='grc' dir='ltr'>ἐκεῖνα</span> <span class='ocrx_word' id='word_1_17' title='bbox 977 917 1062 1002; x_wconf 81' lang='grc' dir='ltr'>παρὰ</span> <span class='ocrx_word' id='word_1_18' title='bbox 1094 924 1191 984; x_wconf 90' lang='grc' dir='ltr'>ταῦτα</span> <span class='ocrx_word' id='word_1_19' title='bbox 1219 920 1253 984; x_wconf 88' lang='grc' dir='ltr'>’ἐν</span> <span class='ocrx_word' id='word_1_20' title='bbox 1283 923 1329 992; x_wconf 82' lang='grc' dir='ltr'>οῖς</span> <span class='ocrx_word' id='word_1_21' title='bbox 1363 924 1426 987; x_wconf 82' lang='grc' dir='ltr'>ἐστι</span> 
     </span>
     <span class='ocr_line' id='line_1_4' title="bbox 306 1009 1426 1101; baseline 0.009 -26"><span class='ocrx_word' id='word_1_22' title='bbox 306 1017 403 1076; x_wconf 89' lang='grc' dir='ltr'>ταῦτα</span> <span class='ocrx_word' id='word_1_23' title='bbox 426 1013 469 1074; x_wconf 82' lang='grc' dir='ltr'>ὧν</span> <span class='ocrx_word' id='word_1_24' title='bbox 494 1009 568 1074; x_wconf 83' lang='grc' dir='ltr'>ἄνευ</span> <span class='ocrx_word' id='word_1_25' title='bbox 589 1009 664 1074; x_wconf 84' lang='grc' dir='ltr'>οὐδὲ</span> <span class='ocrx_word' id='word_1_26' title='bbox 687 1011 765 1076; x_wconf 84' lang='grc' dir='ltr'>εῖναι</span> <span class='ocrx_word' id='word_1_27' title='bbox 786 1016 960 1099; x_wconf 88' lang='grc' dir='ltr'>δυνήσεται.</span> <span class='ocrx_word' id='word_1_28' title='bbox 1009 1013 1039 1087; x_wconf 76' lang='grc' dir='ltr'>θ.</span> <span class='ocrx_word' id='word_1_29' title='bbox 1082 1018 1160 1101; x_wconf 87' lang='grc' dir='ltr'>πρδς</span> <span class='ocrx_word' id='word_1_30' title='bbox 1180 1017 1215 1080; x_wconf 84' lang='grc' dir='ltr'>δὲ</span> <span class='ocrx_word' id='word_1_31' title='bbox 1238 1019 1357 1090; x_wconf 82' lang='grc' dir='ltr'>τούτοις</span> <span class='ocrx_word' id='word_1_32' title='bbox 1375 1023 1426 1085; x_wconf 79' lang='grc' dir='ltr'>καί</span> 
     </span>
     <span class='ocr_line' id='line_1_5' title="bbox 308 1107 1427 1204; baseline 0.01 -32"><span class='ocrx_word' id='word_1_33' title='bbox 308 1109 454 1194; x_wconf 80' lang='grc' dir='ltr'>μεθόριον</span> <span class='ocrx_word' id='word_1_34' title='bbox 474 1107 660 1193; x_wconf 79' lang='grc' dir='ltr'>ἀμφοτέρων</span> <span class='ocrx_word' id='word_1_35' title='bbox 679 1110 863 1194; x_wconf 79' lang='grc' dir='ltr'>ἀπαιτητέον</span> <span class='ocrx_word' id='word_1_36' title='bbox 884 1113 1016 1196; x_wconf 82' lang='grc' dir='ltr'>διεῖργον</span> <span class='ocrx_word' id='word_1_37' title='bbox 1032 1115 1083 1177; x_wconf 79' lang='grc' dir='ltr'>καὶ</span> <span class='ocrx_word' id='word_1_38' title='bbox 1097 1115 1269 1178; x_wconf 77' lang='grc' dir='ltr'>διακωλῦον</span> <span class='ocrx_word' id='word_1_39' title='bbox 1290 1117 1427 1204; x_wconf 79' lang='grc' dir='ltr'>ἑκατέρω</span> 
     </span>
     <span class='ocr_line' id='line_1_6' title="bbox 305 1205 1459 1296; baseline 0.012 -29"><span class='ocrx_word' id='word_1_40' title='bbox 305 1205 365 1289; x_wconf 82' lang='grc' dir='ltr'>τὴν</span> <span class='ocrx_word' id='word_1_41' title='bbox 386 1207 463 1289; x_wconf 93' lang='grc' dir='ltr'>πρδς</span> <span class='ocrx_word' id='word_1_42' title='bbox 485 1206 616 1289; x_wconf 86' lang='grc' dir='ltr'>θάτερον</span> <span class='ocrx_word' id='word_1_43' title='bbox 644 1207 826 1284; x_wconf 81' lang='grc' dir='ltr'>κοινωνίαν,</span> <span class='ocrx_word' id='word_1_44' title='bbox 853 1207 903 1272; x_wconf 88' lang='grc' dir='ltr'>ίνα</span> <span class='ocrx_word' id='word_1_45' title='bbox 933 1209 974 1292; x_wconf 82' lang='grc' dir='ltr'>μὴ</span> <span class='ocrx_word' id='word_1_46' title='bbox 999 1209 1049 1272; x_wconf 82' lang='grc' dir='ltr'>διὰ</span> <span class='ocrx_word' id='word_1_47' title='bbox 1073 1215 1133 1274; x_wconf 85' lang='grc' dir='ltr'>τῶν</span> <span class='ocrx_word' id='word_1_48' title='bbox 1155 1215 1312 1296; x_wconf 83' lang='grc' dir='ltr'>τερμάτων</span> <span class='ocrx_word' id='word_1_49' title='bbox 1337 1215 1459 1286; x_wconf 75' lang='grc' dir='ltr'>αὑθιςύ</span> 
     </span>
     <span class='ocr_line' id='line_1_7' title="bbox 307 1301 1425 1396; baseline 0.009 -29"><span class='ocrx_word' id='word_1_50' title='bbox 307 1304 455 1388; x_wconf 86' lang='grc' dir='ltr'>ἀλλήλοις</span> <span class='ocrx_word' id='word_1_51' title='bbox 478 1301 726 1386; x_wconf 89' lang='grc' dir='ltr'>καταμιγνόμενα</span> <span class='ocrx_word' id='word_1_52' title='bbox 748 1307 799 1370; x_wconf 91' lang='grc' dir='ltr'>τδν</span> <span class='ocrx_word' id='word_1_53' title='bbox 821 1311 876 1390; x_wconf 80' lang='grc' dir='ltr'>τῆς</span> <span class='ocrx_word' id='word_1_54' title='bbox 899 1305 1108 1390; x_wconf 82' lang='grc' dir='ltr'>ἐναντιότητος</span> <span class='ocrx_word' id='word_1_55' title='bbox 1133 1309 1299 1396; x_wconf 80' lang='grc' dir='ltr'>διαφθείρη</span> <span class='ocrx_word' id='word_1_56' title='bbox 1323 1313 1425 1396; x_wconf 90' lang='grc' dir='ltr'>λόγον.</span> 
     </span>
     <span class='ocr_line' id='line_1_8' title="bbox 306 1399 1425 1494; baseline 0.009 -30"><span class='ocrx_word' id='word_1_57' title='bbox 306 1402 337 1464; x_wconf 91' lang='grc' dir='ltr'>τί</span> <span class='ocrx_word' id='word_1_58' title='bbox 355 1401 454 1464; x_wconf 83' lang='grc' dir='ltr'>τοίνυν</span> <span class='ocrx_word' id='word_1_59' title='bbox 483 1399 569 1464; x_wconf 87' lang='grc' dir='ltr'>ἔσται</span> <span class='ocrx_word' id='word_1_60' title='bbox 598 1401 632 1463; x_wconf 87' lang='grc' dir='ltr'>τὸ</span> <span class='ocrx_word' id='word_1_61' title='bbox 661 1402 845 1487; x_wconf 91' lang='grc' dir='ltr'>διαφράττον</span> <span class='ocrx_word' id='word_1_62' title='bbox 875 1405 926 1468; x_wconf 83' lang='grc' dir='ltr'>καί</span> <span class='ocrx_word' id='word_1_63' title='bbox 951 1405 1082 1488; x_wconf 84' lang='grc' dir='ltr'>διεῖργον</span> <span class='ocrx_word' id='word_1_64' title='bbox 1105 1403 1218 1492; x_wconf 73' lang='grc' dir='ltr'>άμφως</span> <span class='ocrx_word' id='word_1_65' title='bbox 1247 1409 1347 1494; x_wconf 89' lang='grc' dir='ltr'>τρίτου</span> <span class='ocrx_word' id='word_1_66' title='bbox 1368 1411 1425 1494; x_wconf 82' lang='grc' dir='ltr'>γὰρ</span> 
     </span>
     <span class='ocr_line' id='line_1_9' title="bbox 307 1497 1425 1591; baseline 0.011 -31"><span class='ocrx_word' id='word_1_67' title='bbox 307 1500 389 1567; x_wconf 86' lang='grc' dir='ltr'>τινδς</span> <span class='ocrx_word' id='word_1_68' title='bbox 414 1498 481 1561; x_wconf 78' lang='grc' dir='ltr'>κατ’</span> <span class='ocrx_word' id='word_1_69' title='bbox 506 1497 613 1560; x_wconf 89' lang='grc' dir='ltr'>οὐσίαν</span> <span class='ocrx_word' id='word_1_70' title='bbox 637 1501 745 1583; x_wconf 81' lang='grc' dir='ltr'>χρείαν</span> <span class='ocrx_word' id='word_1_71' title='bbox 774 1499 841 1585; x_wconf 85' lang='grc' dir='ltr'>ἔχει</span> <span class='ocrx_word' id='word_1_72' title='bbox 868 1502 942 1586; x_wconf 82' lang='grc' dir='ltr'>παρ’</span> <span class='ocrx_word' id='word_1_73' title='bbox 966 1501 1070 1572; x_wconf 88' lang='grc' dir='ltr'>αὐτοῖς</span> <span class='ocrx_word' id='word_1_74' title='bbox 1101 1508 1155 1586; x_wconf 79' lang='grc' dir='ltr'>τῆς</span> <span class='ocrx_word' id='word_1_75' title='bbox 1182 1505 1370 1591; x_wconf 77' lang='grc' dir='ltr'>μυθολογίας</span> <span class='ocrx_word' id='word_1_76' title='bbox 1390 1509 1425 1572; x_wconf 87' lang='grc' dir='ltr'>τὸ</span> 
     </span>
     <span class='ocr_line' id='line_1_10' title="bbox 307 1594 1426 1688; baseline 0.007 -28"><span class='ocrx_word' id='word_1_77' title='bbox 307 1597 446 1680; x_wconf 90' lang='grc' dir='ltr'>πλάσμα.</span> <span class='ocrx_word' id='word_1_78' title='bbox 499 1595 550 1680; x_wconf 79' lang='grc' dir='ltr'>ἄρ’</span> <span class='ocrx_word' id='word_1_79' title='bbox 575 1594 629 1660; x_wconf 87' lang='grc' dir='ltr'>οὑν</span> <span class='ocrx_word' id='word_1_80' title='bbox 663 1598 698 1660; x_wconf 91' lang='grc' dir='ltr'>τδ</span> <span class='ocrx_word' id='word_1_81' title='bbox 731 1600 934 1683; x_wconf 85' lang='grc' dir='ltr'>ἀδαμάντινον</span> <span class='ocrx_word' id='word_1_82' title='bbox 965 1605 1067 1685; x_wconf 89' lang='grc' dir='ltr'>τεῖχος</span> <span class='ocrx_word' id='word_1_83' title='bbox 1093 1601 1213 1686; x_wconf 88' lang='grc' dir='ltr'>ἐροῦσιν</span> <span class='ocrx_word' id='word_1_84' title='bbox 1247 1595 1369 1688; x_wconf 83' lang='grc' dir='ltr'>ήμῖνῆ</span> <span class='ocrx_word' id='word_1_85' title='bbox 1399 1627 1426 1667; x_wconf 89' lang='grc' dir='ltr'>τι</span> 
     </span>
     <span class='ocr_line' id='line_1_11' title="bbox 308 1695 1477 1786; baseline 0.002 -28"><span class='ocrx_word' id='word_1_86' title='bbox 308 1696 430 1779; x_wconf 76' lang='grc' dir='ltr'>ἕτερον,</span> <span class='ocrx_word' id='word_1_87' title='bbox 457 1695 698 1778; x_wconf 80' lang='grc' dir='ltr'>παραπαίοντες;</span> <span class='ocrx_word' id='word_1_88' title='bbox 726 1700 766 1778; x_wconf 85' lang='grc' dir='ltr'>τή</span> <span class='ocrx_word' id='word_1_89' title='bbox 795 1697 875 1765; x_wconf 91' lang='grc' dir='ltr'>τίνος</span> <span class='ocrx_word' id='word_1_90' title='bbox 904 1697 939 1759; x_wconf 84' lang='grc' dir='ltr'>δέ</span> <span class='ocrx_word' id='word_1_91' title='bbox 968 1697 1114 1782; x_wconf 80' lang='grc' dir='ltr'>προνοίη,</span> <span class='ocrx_word' id='word_1_92' title='bbox 1137 1699 1225 1762; x_wconf 82' lang='grc' dir='ltr'>τοῦθ’</span> <span class='ocrx_word' id='word_1_93' title='bbox 1246 1699 1339 1763; x_wconf 82' lang='grc' dir='ltr'>ὁπότε</span> <span class='ocrx_word' id='word_1_94' title='bbox 1369 1703 1424 1786; x_wconf 80' lang='grc' dir='ltr'>φή·</span> <span class='ocrx_word' id='word_1_95' title='bbox 1445 1707 1477 1760; x_wconf 83' lang='lat'>10</span> 
     </span>
     <span class='ocr_line' id='line_1_12' title="bbox 308 1791 1424 1882; baseline 0.005 -28"><span class='ocrx_word' id='word_1_96' title='bbox 308 1815 416 1869; x_wconf 87' lang='grc' dir='ltr'>αουσι,</span> <span class='ocrx_word' id='word_1_97' title='bbox 443 1793 692 1876; x_wconf 77' lang='grc' dir='ltr'>παρεγκείσεταις</span> <span class='ocrx_word' id='word_1_98' title='bbox 722 1791 864 1877; x_wconf 80' lang='grc' dir='ltr'>ὁποτέρῳ</span> <span class='ocrx_word' id='word_1_99' title='bbox 892 1793 950 1878; x_wconf 81' lang='grc' dir='ltr'>γὰρ</span> <span class='ocrx_word' id='word_1_100' title='bbox 976 1797 1036 1856; x_wconf 83' lang='grc' dir='ltr'>τῶν</span> <span class='ocrx_word' id='word_1_101' title='bbox 1065 1794 1209 1859; x_wconf 85' lang='grc' dir='ltr'>ἐναντίων</span> <span class='ocrx_word' id='word_1_102' title='bbox 1241 1797 1424 1882; x_wconf 82' lang='grc' dir='ltr'>βουληθεῖεν</span> 
     </span>
     <span class='ocr_line' id='line_1_13' title="bbox 308 1887 1426 1976; baseline 0.004 -22"><span class='ocrx_word' id='word_1_103' title='bbox 308 1891 470 1954; x_wconf 88' lang='grc' dir='ltr'>ἀναθεῖναι</span> <span class='ocrx_word' id='word_1_104' title='bbox 497 1893 588 1967; x_wconf 78' lang='grc' dir='ltr'>τοῦτο</span> <span class='ocrx_word' id='word_1_105' title='bbox 618 1893 661 1956; x_wconf 81' lang='grc' dir='ltr'>ὡς</span> <span class='ocrx_word' id='word_1_106' title='bbox 683 1887 809 1972; x_wconf 87' lang='grc' dir='ltr'>ὑατερόν</span> <span class='ocrx_word' id='word_1_107' title='bbox 829 1913 905 1953; x_wconf 91' lang='grc' dir='ltr'>ποτε</span> <span class='ocrx_word' id='word_1_108' title='bbox 928 1890 1160 1976; x_wconf 87' lang='grc' dir='ltr'>παρεμβληθέν,</span> <span class='ocrx_word' id='word_1_109' title='bbox 1183 1891 1300 1976; x_wconf 79' lang='grc' dir='ltr'>ἄπορος</span> <span class='ocrx_word' id='word_1_110' title='bbox 1322 1893 1426 1964; x_wconf 86' lang='grc' dir='ltr'>αὐτοῖς</span> 
     </span>
     <span class='ocr_line' id='line_1_14' title="bbox 305 1986 1426 2076; baseline 0.002 -24"><span class='ocrx_word' id='word_1_111' title='bbox 305 1991 326 2072; x_wconf 82' lang='grc' dir='ltr'>ἡ</span> <span class='ocrx_word' id='word_1_112' title='bbox 341 1989 487 2057; x_wconf 83' lang='grc' dir='ltr'>ὑπόθεσις</span> <span class='ocrx_word' id='word_1_113' title='bbox 504 1986 717 2070; x_wconf 84' lang='grc' dir='ltr'>εὑρεθήσεται.</span> <span class='ocrx_word' id='word_1_114' title='bbox 744 1988 820 2068; x_wconf 85' lang='grc' dir='ltr'>πρὸς</span> <span class='ocrx_word' id='word_1_115' title='bbox 834 1986 892 2070; x_wconf 77' lang='grc' dir='ltr'>γὰρ</span> <span class='ocrx_word' id='word_1_116' title='bbox 907 1990 940 2052; x_wconf 87' lang='grc' dir='ltr'>τδ</span> <span class='ocrx_word' id='word_1_117' title='bbox 957 1987 1158 2074; x_wconf 89' lang='grc' dir='ltr'>ἀρχαιότερον</span> <span class='ocrx_word' id='word_1_118' title='bbox 1174 1990 1319 2076; x_wconf 80' lang='grc' dir='ltr'>ἀναβάςό</span> <span class='ocrx_word' id='word_1_119' title='bbox 1334 1991 1426 2076; x_wconf 80' lang='grc' dir='ltr'>λόγος</span> 
     </span>
     <span class='ocr_line' id='line_1_15' title="bbox 308 2083 1424 2171; baseline 0.001 -20"><span class='ocrx_word' id='word_1_120' title='bbox 308 2086 398 2155; x_wconf 80' lang='grc' dir='ltr'>αὖθις</span> <span class='ocrx_word' id='word_1_121' title='bbox 408 2086 549 2171; x_wconf 88' lang='grc' dir='ltr'>φωράσει</span> <span class='ocrx_word' id='word_1_122' title='bbox 560 2083 598 2146; x_wconf 80' lang='grc' dir='ltr'>τὰ</span> <span class='ocrx_word' id='word_1_123' title='bbox 610 2083 731 2146; x_wconf 83' lang='grc' dir='ltr'>ἐναντία</span> <span class='ocrx_word' id='word_1_124' title='bbox 744 2084 890 2168; x_wconf 90' lang='grc' dir='ltr'>ἀλλήλων</span> <span class='ocrx_word' id='word_1_125' title='bbox 906 2085 1065 2170; x_wconf 85' lang='grc' dir='ltr'>ἀχώριστα</span> <span class='ocrx_word' id='word_1_126' title='bbox 1080 2090 1122 2154; x_wconf 84' lang='grc' dir='ltr'>ὡς</span> <span class='ocrx_word' id='word_1_127' title='bbox 1135 2084 1282 2170; x_wconf 82' lang='grc' dir='ltr'>οὐδαμῶς</span> <span class='ocrx_word' id='word_1_128' title='bbox 1293 2087 1395 2151; x_wconf 88' lang='grc' dir='ltr'>έναντί</span> <span class='ocrx_word' id='word_1_129' title='bbox 1416 2135 1424 2152; x_wconf 91' lang='grc'>.</span> 
     </span>
     <span class='ocr_line' id='line_1_16' title="bbox 307 2181 1476 2272; baseline -0.003 -23"><span class='ocrx_word' id='word_1_130' title='bbox 307 2187 336 2249; x_wconf 89' lang='grc' dir='ltr'>εί</span> <span class='ocrx_word' id='word_1_131' title='bbox 354 2185 390 2248; x_wconf 84' lang='grc' dir='ltr'>δὲ</span> <span class='ocrx_word' id='word_1_132' title='bbox 416 2181 585 2266; x_wconf 84' lang='grc' dir='ltr'>μηδετέρου</span> <span class='ocrx_word' id='word_1_133' title='bbox 616 2181 746 2264; x_wconf 76' lang='grc' dir='ltr'>προνοίη</span> <span class='ocrx_word' id='word_1_134' title='bbox 772 2183 806 2245; x_wconf 91' lang='grc' dir='ltr'>τδ</span> <span class='ocrx_word' id='word_1_135' title='bbox 833 2182 978 2267; x_wconf 88' lang='grc' dir='ltr'>μεθόριον</span> <span class='ocrx_word' id='word_1_136' title='bbox 1008 2181 1023 2246; x_wconf 92' lang='grc' dir='ltr'>δ</span> <span class='ocrx_word' id='word_1_137' title='bbox 1048 2186 1193 2268; x_wconf 79' lang='grc' dir='ltr'>δηλοῦσιν</span> <span class='ocrx_word' id='word_1_138' title='bbox 1215 2185 1345 2269; x_wconf 77' lang='grc' dir='ltr'>ὑπάρξαι</span> <span class='ocrx_word' id='word_1_139' title='bbox 1369 2187 1424 2272; x_wconf 84' lang='grc' dir='ltr'>φή·</span> <span class='ocrx_word' id='word_1_140' title='bbox 1445 2193 1476 2246; x_wconf 78' lang='grc'>15</span> 
     </span>
     <span class='ocr_line' id='line_1_17' title="bbox 307 2276 1427 2366; baseline 0 -21"><span class='ocrx_word' id='word_1_141' title='bbox 307 2304 429 2358; x_wconf 90' lang='grc' dir='ltr'>σουοιν,</span> <span class='ocrx_word' id='word_1_142' title='bbox 461 2279 565 2363; x_wconf 82' lang='grc' dir='ltr'>ἕτερον</span> <span class='ocrx_word' id='word_1_143' title='bbox 591 2276 737 2360; x_wconf 86' lang='grc' dir='ltr'>ἀγένητον</span> <span class='ocrx_word' id='word_1_144' title='bbox 766 2277 979 2362; x_wconf 72' lang='grc' dir='ltr'>ἐπεισάγοντες</span> <span class='ocrx_word' id='word_1_145' title='bbox 1005 2281 1036 2351; x_wconf 82' lang='grc' dir='ltr'>έί</span> <span class='ocrx_word' id='word_1_146' title='bbox 1068 2281 1201 2365; x_wconf 83' lang='grc' dir='ltr'>ἀνάγκης</span> <span class='ocrx_word' id='word_1_147' title='bbox 1228 2282 1427 2366; x_wconf 82' lang='grc' dir='ltr'>ὁμολογοῦσι,</span> 
     </span>
     <span class='ocr_line' id='line_1_18' title="bbox 308 2374 1426 2465; baseline 0.002 -23"><span class='ocrx_word' id='word_1_148' title='bbox 308 2378 479 2465; x_wconf 86' lang='grc' dir='ltr'>μηδετέρου</span> <span class='ocrx_word' id='word_1_149' title='bbox 491 2379 551 2439; x_wconf 87' lang='grc' dir='ltr'>τιῖιν</span> <span class='ocrx_word' id='word_1_150' title='bbox 565 2374 708 2437; x_wconf 85' lang='grc' dir='ltr'>ἐναντίων</span> <span class='ocrx_word' id='word_1_151' title='bbox 718 2378 774 2460; x_wconf 67' lang='grc' dir='ltr'>τῆς</span> <span class='ocrx_word' id='word_1_152' title='bbox 786 2375 893 2446; x_wconf 81' lang='grc' dir='ltr'>οὐσίας</span> <span class='ocrx_word' id='word_1_153' title='bbox 906 2379 1046 2464; x_wconf 90' lang='grc' dir='ltr'>μετέχον,</span> <span class='ocrx_word' id='word_1_154' title='bbox 1054 2380 1102 2442; x_wconf 86' lang='grc' dir='ltr'>ίνα</span> <span class='ocrx_word' id='word_1_155' title='bbox 1113 2383 1157 2464; x_wconf 77' lang='grc' dir='ltr'>τῷ</span> <span class='ocrx_word' id='word_1_156' title='bbox 1173 2380 1269 2462; x_wconf 86' lang='grc' dir='ltr'>πάντη</span> <span class='ocrx_word' id='word_1_157' title='bbox 1287 2379 1426 2444; x_wconf 92' lang='grc' dir='ltr'>διαλλάτ-</span> 
     </span>
     <span class='ocr_line' id='line_1_19' title="bbox 307 2472 1427 2562; baseline 0.002 -22"><span class='ocrx_word' id='word_1_158' title='bbox 307 2499 368 2541; x_wconf 90' lang='grc' dir='ltr'>τειν</span> <span class='ocrx_word' id='word_1_159' title='bbox 390 2475 511 2561; x_wconf 74' lang='grc' dir='ltr'>χωρίζη</span> <span class='ocrx_word' id='word_1_160' title='bbox 533 2478 646 2536; x_wconf 89' lang='grc' dir='ltr'>ταῦτα·</span> <span class='ocrx_word' id='word_1_161' title='bbox 669 2472 720 2534; x_wconf 87' lang='grc' dir='ltr'>καὶ</span> <span class='ocrx_word' id='word_1_162' title='bbox 744 2473 966 2558; x_wconf 79' lang='grc' dir='ltr'>εὑρεθήσονται</span> <span class='ocrx_word' id='word_1_163' title='bbox 986 2476 1080 2562; x_wconf 89' lang='grc' dir='ltr'>όχλον</span> <span class='ocrx_word' id='word_1_164' title='bbox 1099 2477 1255 2560; x_wconf 90' lang='grc' dir='ltr'>ἀγενήτων</span> <span class='ocrx_word' id='word_1_165' title='bbox 1271 2477 1427 2562; x_wconf 86' lang='grc' dir='ltr'>τιθέμενοι</span> 
     </span>
     <span class='ocr_line' id='line_1_20' title="bbox 307 2569 1426 2660; baseline 0 -21"><span class='ocrx_word' id='word_1_166' title='bbox 307 2576 364 2640; x_wconf 88' lang='grc' dir='ltr'>δόο</span> <span class='ocrx_word' id='word_1_167' title='bbox 389 2575 542 2660; x_wconf 83' lang='grc' dir='ltr'>φήσαντες</span> <span class='ocrx_word' id='word_1_168' title='bbox 556 2572 634 2636; x_wconf 81' lang='grc' dir='ltr'>εἶναι</span> <span class='ocrx_word' id='word_1_169' title='bbox 648 2570 685 2633; x_wconf 85' lang='grc' dir='ltr'>τὰ</span> <span class='ocrx_word' id='word_1_170' title='bbox 698 2569 840 2653; x_wconf 86' lang='grc' dir='ltr'>ἀγένητα.</span> <span class='ocrx_word' id='word_1_171' title='bbox 875 2574 909 2636; x_wconf 91' lang='grc' dir='ltr'>τδ</span> <span class='ocrx_word' id='word_1_172' title='bbox 929 2572 1031 2656; x_wconf 90' lang='grc' dir='ltr'>μέντοι</span> <span class='ocrx_word' id='word_1_173' title='bbox 1055 2575 1186 2658; x_wconf 87' lang='grc' dir='ltr'>διεῖργον</span> <span class='ocrx_word' id='word_1_174' title='bbox 1200 2575 1252 2636; x_wconf 86' lang='grc' dir='ltr'>καὶ</span> <span class='ocrx_word' id='word_1_175' title='bbox 1268 2574 1426 2660; x_wconf 76' lang='grc' dir='ltr'>μεθόριον,</span> 
     </span>
     <span class='ocr_line' id='line_1_21' title="bbox 308 2667 1478 2757; baseline -0.005 -21"><span class='ocrx_word' id='word_1_176' title='bbox 308 2673 369 2738; x_wconf 84' lang='grc' dir='ltr'>εἴτε</span> <span class='ocrx_word' id='word_1_177' title='bbox 393 2674 432 2755; x_wconf 83' lang='grc' dir='ltr'>δὴ</span> <span class='ocrx_word' id='word_1_178' title='bbox 459 2676 562 2757; x_wconf 85' lang='grc' dir='ltr'>τεῖχος</span> <span class='ocrx_word' id='word_1_179' title='bbox 588 2669 649 2732; x_wconf 84' lang='grc' dir='ltr'>εἴτε</span> <span class='ocrx_word' id='word_1_180' title='bbox 670 2691 708 2751; x_wconf 86' lang='grc' dir='ltr'>γη</span> <span class='ocrx_word' id='word_1_181' title='bbox 737 2667 842 2736; x_wconf 85' lang='grc' dir='ltr'>ἄοικος</span> <span class='ocrx_word' id='word_1_182' title='bbox 869 2668 931 2732; x_wconf 83' lang='grc' dir='ltr'>εἴτε</span> <span class='ocrx_word' id='word_1_183' title='bbox 954 2671 1005 2733; x_wconf 88' lang='grc' dir='ltr'>καὶ</span> <span class='ocrx_word' id='word_1_184' title='bbox 1030 2671 1105 2756; x_wconf 89' lang='grc' dir='ltr'>όπερ</span> <span class='ocrx_word' id='word_1_185' title='bbox 1131 2669 1166 2734; x_wconf 83' lang='grc' dir='ltr'>ἀν</span> <span class='ocrx_word' id='word_1_186' title='bbox 1191 2670 1330 2752; x_wconf 86' lang='grc' dir='ltr'>θέλοιεν,</span> <span class='ocrx_word' id='word_1_187' title='bbox 1364 2679 1424 2738; x_wconf 89' lang='grc' dir='ltr'>ποῦ</span> <span class='ocrx_word' id='word_1_188' title='bbox 1442 2676 1478 2730; x_wconf 70' lang='lat' dir='ltr'><em>w</em></span> 
     </span>
     <span class='ocr_line' id='line_1_22' title="bbox 309 2766 1427 2855; baseline -0.001 -22"><span class='ocrx_word' id='word_1_189' title='bbox 309 2772 364 2855; x_wconf 84' lang='grc' dir='ltr'>μὲν</span> <span class='ocrx_word' id='word_1_190' title='bbox 389 2768 436 2854; x_wconf 79' lang='grc' dir='ltr'>ἄρ’</span> <span class='ocrx_word' id='word_1_191' title='bbox 463 2766 530 2854; x_wconf 89' lang='grc' dir='ltr'>ἔχει</span> <span class='ocrx_word' id='word_1_192' title='bbox 552 2768 605 2851; x_wconf 84' lang='grc' dir='ltr'>τὴν</span> <span class='ocrx_word' id='word_1_193' title='bbox 625 2767 733 2848; x_wconf 83' lang='grc' dir='ltr'>έδραν;</span> <span class='ocrx_word' id='word_1_194' title='bbox 755 2769 816 2827; x_wconf 85' lang='grc' dir='ltr'>ποῦ</span> <span class='ocrx_word' id='word_1_195' title='bbox 840 2767 950 2851; x_wconf 80' lang='grc' dir='ltr'>δὲτὴν</span> <span class='ocrx_word' id='word_1_196' title='bbox 973 2769 1127 2853; x_wconf 74' lang='grc' dir='ltr'>κορυφήνς</span> <span class='ocrx_word' id='word_1_197' title='bbox 1162 2767 1242 2830; x_wconf 79' lang='grc' dir='ltr'>ἀλλὰ</span> <span class='ocrx_word' id='word_1_198' title='bbox 1266 2770 1367 2852; x_wconf 77' lang='grc' dir='ltr'>δῆλον</span> <span class='ocrx_word' id='word_1_199' title='bbox 1384 2774 1427 2839; x_wconf 83' lang='grc' dir='ltr'>ὡς</span> 
     </span>
     <span class='ocr_line' id='line_1_23' title="bbox 308 2863 1426 2952; baseline -0.003 -19"><span class='ocrx_word' id='word_1_200' title='bbox 308 2872 392 2934; x_wconf 91' lang='grc' dir='ltr'>κάτω</span> <span class='ocrx_word' id='word_1_201' title='bbox 416 2869 470 2952; x_wconf 79' lang='grc' dir='ltr'>μὲν</span> <span class='ocrx_word' id='word_1_202' title='bbox 493 2868 546 2949; x_wconf 85' lang='grc' dir='ltr'>τὴν</span> <span class='ocrx_word' id='word_1_203' title='bbox 567 2865 658 2949; x_wconf 78' lang='grc' dir='ltr'>ἕδραν</span> <span class='ocrx_word' id='word_1_204' title='bbox 680 2866 754 2942; x_wconf 89' lang='grc' dir='ltr'>(ποῦ</span> <span class='ocrx_word' id='word_1_205' title='bbox 778 2863 815 2945; x_wconf 80' lang='grc' dir='ltr'>δὴ</span> <span class='ocrx_word' id='word_1_206' title='bbox 842 2866 893 2926; x_wconf 82' lang='grc' dir='ltr'>καὶ</span> <span class='ocrx_word' id='word_1_207' title='bbox 915 2865 1055 2946; x_wconf 72' lang='grc' dir='ltr'>πόσονς),</span> <span class='ocrx_word' id='word_1_208' title='bbox 1076 2865 1140 2928; x_wconf 85' lang='grc' dir='ltr'>ἀνω</span> <span class='ocrx_word' id='word_1_209' title='bbox 1162 2865 1197 2928; x_wconf 82' lang='grc' dir='ltr'>δὲ</span> <span class='ocrx_word' id='word_1_210' title='bbox 1214 2865 1267 2948; x_wconf 79' lang='grc' dir='ltr'>τήν</span> <span class='ocrx_word' id='word_1_211' title='bbox 1287 2869 1426 2952; x_wconf 84' lang='grc' dir='ltr'>κορυφήν</span> 
     </span>
     <span class='ocr_line' id='line_1_24' title="bbox 307 2960 1425 3047; baseline -0.001 -19"><span class='ocrx_word' id='word_1_212' title='bbox 307 2969 383 3047; x_wconf 87' lang='grc' dir='ltr'>(ποῦ</span> <span class='ocrx_word' id='word_1_213' title='bbox 407 2965 458 3029; x_wconf 86' lang='grc' dir='ltr'>καὶ</span> <span class='ocrx_word' id='word_1_214' title='bbox 481 2964 530 3027; x_wconf 88' lang='grc' dir='ltr'>ἐπὶ</span> <span class='ocrx_word' id='word_1_215' title='bbox 552 2962 649 3026; x_wconf 92' lang='grc' dir='ltr'>πόσον</span> <span class='ocrx_word' id='word_1_216' title='bbox 658 2967 692 3043; x_wconf 83' lang='lat'>3).</span> <span class='ocrx_word' id='word_1_217' title='bbox 737 2962 771 3024; x_wconf 89' lang='grc' dir='ltr'>τδ</span> <span class='ocrx_word' id='word_1_218' title='bbox 794 2960 851 3046; x_wconf 81' lang='grc' dir='ltr'>γὰρ</span> <span class='ocrx_word' id='word_1_219' title='bbox 872 2960 937 3026; x_wconf 86' lang='grc' dir='ltr'>ἄνω</span> <span class='ocrx_word' id='word_1_220' title='bbox 960 2964 1011 3025; x_wconf 89' lang='grc' dir='ltr'>καὶ</span> <span class='ocrx_word' id='word_1_221' title='bbox 1032 2964 1116 3026; x_wconf 90' lang='grc' dir='ltr'>κάτω</span> <span class='ocrx_word' id='word_1_222' title='bbox 1138 2963 1338 3046; x_wconf 85' lang='grc' dir='ltr'>δημιουργίας</span> <span class='ocrx_word' id='word_1_223' title='bbox 1360 2963 1375 3026; x_wconf 88' lang='grc' dir='ltr'>δ</span> <span class='ocrx_word' id='word_1_224' title='bbox 1396 2962 1425 3027; x_wconf 92' lang='grc' dir='ltr'>ό-</span> 
     </span>
     <span class='ocr_line' id='line_1_25' title="bbox 309 3059 1425 3148; baseline -0.002 -22"><span class='ocrx_word' id='word_1_225' title='bbox 309 3085 391 3148; x_wconf 90' lang='grc' dir='ltr'>ματα</span> <span class='ocrx_word' id='word_1_226' title='bbox 413 3063 472 3146; x_wconf 92' lang='grc' dir='ltr'>πρδ</span> <span class='ocrx_word' id='word_1_227' title='bbox 503 3060 711 3144; x_wconf 87' lang='grc' dir='ltr'>δημιουργίας.</span> <span class='ocrx_word' id='word_1_228' title='bbox 762 3059 812 3122; x_wconf 88' lang='grc' dir='ltr'>δεῖ</span> <span class='ocrx_word' id='word_1_229' title='bbox 833 3060 937 3143; x_wconf 90' lang='grc' dir='ltr'>μέντοι</span> <span class='ocrx_word' id='word_1_230' title='bbox 962 3062 1013 3124; x_wconf 88' lang='grc' dir='ltr'>καὶ</span> <span class='ocrx_word' id='word_1_231' title='bbox 1040 3060 1210 3147; x_wconf 88' lang='grc' dir='ltr'>βαθὺτερον</span> <span class='ocrx_word' id='word_1_232' title='bbox 1234 3061 1286 3123; x_wconf 84' lang='grc' dir='ltr'>καί</span> <span class='ocrx_word' id='word_1_233' title='bbox 1312 3060 1425 3145; x_wconf 84' lang='grc' dir='ltr'>ὑψηλό-</span> 
     </span>
     <span class='ocr_line' id='line_1_26' title="bbox 307 3156 1477 3246; baseline -0.004 -21"><span class='ocrx_word' id='word_1_234' title='bbox 307 3184 395 3246; x_wconf 90' lang='grc' dir='ltr'>τερον</span> <span class='ocrx_word' id='word_1_235' title='bbox 425 3159 504 3222; x_wconf 86' lang='grc' dir='ltr'>εἶναι</span> <span class='ocrx_word' id='word_1_236' title='bbox 527 3159 561 3221; x_wconf 91' lang='grc' dir='ltr'>τδ</span> <span class='ocrx_word' id='word_1_237' title='bbox 586 3156 731 3241; x_wconf 89' lang='grc' dir='ltr'>μεθόριον</span> <span class='ocrx_word' id='word_1_238' title='bbox 756 3161 810 3240; x_wconf 86' lang='grc' dir='ltr'>τῖης</span> <span class='ocrx_word' id='word_1_239' title='bbox 836 3159 896 3218; x_wconf 87' lang='grc' dir='ltr'>τῶν</span> <span class='ocrx_word' id='word_1_240' title='bbox 919 3157 1139 3242; x_wconf 74' lang='grc' dir='ltr'>χωριζομένων</span> <span class='ocrx_word' id='word_1_241' title='bbox 1165 3158 1287 3236; x_wconf 87' lang='grc' dir='ltr'>οὐσίας,</span> <span class='ocrx_word' id='word_1_242' title='bbox 1313 3157 1363 3221; x_wconf 83' lang='grc' dir='ltr'>ῖνα</span> <span class='ocrx_word' id='word_1_243' title='bbox 1383 3159 1424 3242; x_wconf 88' lang='grc' dir='ltr'>μὴ</span> <span class='ocrx_word' id='word_1_244' title='bbox 1443 3157 1477 3216; x_wconf 76' lang='grc' dir='ltr'>θὺ</span> 
     </span>
     <span class='ocr_line' id='line_1_27' title="bbox 309 3255 1425 3341; baseline -0.003 -19"><span class='ocrx_word' id='word_1_245' title='bbox 309 3258 449 3322; x_wconf 88' lang='grc' dir='ltr'>κάτωθεν</span> <span class='ocrx_word' id='word_1_246' title='bbox 479 3257 499 3339; x_wconf 79' lang='grc' dir='ltr'>ἢ</span> <span class='ocrx_word' id='word_1_247' title='bbox 528 3255 649 3319; x_wconf 82' lang='grc' dir='ltr'>ἄνωθεν</span> <span class='ocrx_word' id='word_1_248' title='bbox 679 3255 988 3338; x_wconf 50' lang='grc' dir='ltr'>ἐλλεῖψανιπάροδον</span> <span class='ocrx_word' id='word_1_249' title='bbox 1018 3261 1081 3325; x_wconf 89' lang='grc' dir='ltr'>τοῖς</span> <span class='ocrx_word' id='word_1_250' title='bbox 1106 3256 1252 3324; x_wconf 85' lang='grc' dir='ltr'>ἐναντίοις</span> <span class='ocrx_word' id='word_1_251' title='bbox 1276 3258 1425 3341; x_wconf 72' lang='grc' dir='ltr'>,παράσχῃ</span> 
     </span>
     <span class='ocr_line' id='line_1_28' title="bbox 308 3351 1426 3441; baseline -0.002 -21"><span class='ocrx_word' id='word_1_252' title='bbox 308 3358 386 3441; x_wconf 90' lang='grc' dir='ltr'>πρδς</span> <span class='ocrx_word' id='word_1_253' title='bbox 409 3355 542 3438; x_wconf 89' lang='grc' dir='ltr'>άλληλα.</span> <span class='ocrx_word' id='word_1_254' title='bbox 595 3351 643 3425; x_wconf 81' lang='grc'>10.</span> <span class='ocrx_word' id='word_1_255' title='bbox 674 3354 702 3416; x_wconf 86' lang='grc' dir='ltr'>εί</span> <span class='ocrx_word' id='word_1_256' title='bbox 722 3354 758 3416; x_wconf 80' lang='grc' dir='ltr'>δὲ</span> <span class='ocrx_word' id='word_1_257' title='bbox 784 3357 854 3437; x_wconf 76' lang='grc' dir='ltr'>σκιᾷ</span> <span class='ocrx_word' id='word_1_258' title='bbox 874 3351 925 3416; x_wconf 86' lang='grc' dir='ltr'>καὶ</span> <span class='ocrx_word' id='word_1_259' title='bbox 947 3353 1027 3438; x_wconf 87' lang='grc' dir='ltr'>ήλίιρ</span> <span class='ocrx_word' id='word_1_260' title='bbox 1048 3355 1278 3439; x_wconf 87' lang='grc' dir='ltr'>παραβάλλοιεν</span> <span class='ocrx_word' id='word_1_261' title='bbox 1302 3354 1353 3439; x_wconf 90' lang='grc' dir='ltr'>[δ]</span> <span class='ocrx_word' id='word_1_262' title='bbox 1376 3377 1426 3418; x_wconf 92' lang='grc' dir='ltr'>κα-</span> 
     </span>
     <span class='ocr_line' id='line_1_29' title="bbox 311 3449 1427 3538; baseline -0.002 -22"><span class='ocrx_word' id='word_1_263' title='bbox 311 3456 400 3516; x_wconf 88' lang='grc' dir='ltr'>λοῦσι</span> <span class='ocrx_word' id='word_1_264' title='bbox 428 3450 591 3536; x_wconf 86' lang='grc' dir='ltr'>μεθόριον,</span> <span class='ocrx_word' id='word_1_265' title='bbox 618 3452 775 3535; x_wconf 77' lang='grc' dir='ltr'>οἰήσονται</span> <span class='ocrx_word' id='word_1_266' title='bbox 803 3451 859 3535; x_wconf 85' lang='grc' dir='ltr'>μὲν</span> <span class='ocrx_word' id='word_1_267' title='bbox 885 3455 928 3520; x_wconf 84' lang='grc' dir='ltr'>ὡς</span> <span class='ocrx_word' id='word_1_268' title='bbox 948 3449 1038 3514; x_wconf 85' lang='grc' dir='ltr'>οὐδὲν</span> <span class='ocrx_word' id='word_1_269' title='bbox 1068 3451 1263 3514; x_wconf 82' lang='grc' dir='ltr'>ἐπικοινωνεῖ</span> <span class='ocrx_word' id='word_1_270' title='bbox 1282 3457 1326 3538; x_wconf 77' lang='grc' dir='ltr'>τῷ</span> <span class='ocrx_word' id='word_1_271' title='bbox 1347 3453 1427 3537; x_wconf 81' lang='grc' dir='ltr'>ήλίιρ</span> 
     </span>
     <span class='ocr_line' id='line_1_30' title="bbox 308 3547 1426 3635; baseline -0.002 -22"><span class='ocrx_word' id='word_1_272' title='bbox 308 3553 327 3635; x_wconf 80' lang='grc' dir='ltr'>ἡ</span> <span class='ocrx_word' id='word_1_273' title='bbox 352 3552 433 3627; x_wconf 87' lang='grc' dir='ltr'>σκιά,</span> <span class='ocrx_word' id='word_1_274' title='bbox 455 3548 727 3633; x_wconf 88' lang='grc' dir='ltr'>διελεγχθήσονται</span> <span class='ocrx_word' id='word_1_275' title='bbox 749 3550 785 3612; x_wconf 78' lang='grc' dir='ltr'>δὲ</span> <span class='ocrx_word' id='word_1_276' title='bbox 804 3552 952 3634; x_wconf 86' lang='grc' dir='ltr'>χαλεπῶς</span> <span class='ocrx_word' id='word_1_277' title='bbox 975 3549 1051 3632; x_wconf 92' lang='grc' dir='ltr'>πρδς</span> <span class='ocrx_word' id='word_1_278' title='bbox 1068 3552 1122 3610; x_wconf 88' lang='grc' dir='ltr'>τοῦ</span> <span class='ocrx_word' id='word_1_279' title='bbox 1146 3547 1293 3631; x_wconf 88' lang='grc' dir='ltr'>μανέντος</span> <span class='ocrx_word' id='word_1_280' title='bbox 1311 3550 1426 3634; x_wconf 77' lang='grc' dir='ltr'>η’πατη-</span> 
     </span>
     <span class='ocr_line' id='line_1_31' title="bbox 309 3645 1478 3731; baseline 0 -21"><span class='ocrx_word' id='word_1_281' title='bbox 309 3648 407 3731; x_wconf 90' lang='grc' dir='ltr'>μένοι.</span> <span class='ocrx_word' id='word_1_282' title='bbox 457 3646 526 3710; x_wconf 87' lang='grc' dir='ltr'>οκιά</span> <span class='ocrx_word' id='word_1_283' title='bbox 546 3645 605 3729; x_wconf 79' lang='grc' dir='ltr'>γὰρ</span> <span class='ocrx_word' id='word_1_284' title='bbox 626 3646 716 3728; x_wconf 86' lang='grc' dir='ltr'>ήλίου</span> <span class='ocrx_word' id='word_1_285' title='bbox 740 3648 885 3730; x_wconf 78' lang='grc' dir='ltr'>κοινωνίη</span> <span class='ocrx_word' id='word_1_286' title='bbox 908 3648 959 3710; x_wconf 84' lang='grc' dir='ltr'>καὶ</span> <span class='ocrx_word' id='word_1_287' title='bbox 980 3645 1019 3709; x_wconf 87' lang='grc' dir='ltr'>δι’</span> <span class='ocrx_word' id='word_1_288' title='bbox 1041 3645 1116 3708; x_wconf 89' lang='grc' dir='ltr'>όλου</span> <span class='ocrx_word' id='word_1_289' title='bbox 1139 3647 1293 3730; x_wconf 78' lang='grc' dir='ltr'>παρουσία</span> <span class='ocrx_word' id='word_1_290' title='bbox 1314 3646 1422 3729; x_wconf 88' lang='grc' dir='ltr'>γένοιτ’</span> <span class='ocrx_word' id='word_1_291' title='bbox 1442 3645 1478 3702; x_wconf 80' lang='lat'>³⁰</span> 
     </span>
     <span class='ocr_line' id='line_1_32' title="bbox 309 3743 1425 3829; baseline -0.001 -21"><span class='ocrx_word' id='word_1_292' title='bbox 309 3744 358 3821; x_wconf 87' lang='grc' dir='ltr'>άν,</span> <span class='ocrx_word' id='word_1_293' title='bbox 380 3743 473 3827; x_wconf 91' lang='grc' dir='ltr'>όγκου</span> <span class='ocrx_word' id='word_1_294' title='bbox 496 3744 576 3812; x_wconf 90' lang='grc' dir='ltr'>τινδς</span> <span class='ocrx_word' id='word_1_295' title='bbox 598 3743 764 3828; x_wconf 87' lang='grc' dir='ltr'>ἀνέχοντος</span> <span class='ocrx_word' id='word_1_296' title='bbox 784 3744 816 3806; x_wconf 88' lang='grc' dir='ltr'>έν</span> <span class='ocrx_word' id='word_1_297' title='bbox 840 3743 927 3829; x_wconf 82' lang='grc' dir='ltr'>μέσιρ</span> <span class='ocrx_word' id='word_1_298' title='bbox 946 3745 997 3808; x_wconf 85' lang='grc' dir='ltr'>καὶ</span> <span class='ocrx_word' id='word_1_299' title='bbox 1017 3745 1094 3828; x_wconf 90' lang='grc' dir='ltr'>πρδς</span> <span class='ocrx_word' id='word_1_300' title='bbox 1116 3743 1246 3828; x_wconf 89' lang='grc' dir='ltr'>θάτερον</span> <span class='ocrx_word' id='word_1_301' title='bbox 1270 3743 1363 3828; x_wconf 87' lang='grc' dir='ltr'>μέρος</span> <span class='ocrx_word' id='word_1_302' title='bbox 1375 3743 1425 3807; x_wconf 90' lang='grc' dir='ltr'>αὐ-</span> 
     </span>
     <span class='ocr_line' id='line_1_33' title="bbox 307 3839 1425 3930; baseline 0.001 -27"><span class='ocrx_word' id='word_1_303' title='bbox 307 3844 363 3926; x_wconf 78' lang='grc' dir='ltr'>τὴν</span> <span class='ocrx_word' id='word_1_304' title='bbox 389 3840 466 3930; x_wconf 83' lang='grc' dir='ltr'>[μὴ]</span> <span class='ocrx_word' id='word_1_305' title='bbox 493 3839 762 3925; x_wconf 89' lang='grc' dir='ltr'>παραπέμποντος.</span> <span class='ocrx_word' id='word_1_306' title='bbox 807 3841 858 3906; x_wconf 88' lang='grc' dir='ltr'>καὶ</span> <span class='ocrx_word' id='word_1_307' title='bbox 889 3840 958 3903; x_wconf 84' lang='grc' dir='ltr'>σκιὰ</span> <span class='ocrx_word' id='word_1_308' title='bbox 988 3840 1035 3924; x_wconf 84' lang='grc' dir='ltr'>εἴη</span> <span class='ocrx_word' id='word_1_309' title='bbox 1072 3839 1108 3903; x_wconf 79' lang='grc' dir='ltr'>ἂν</span> <span class='ocrx_word' id='word_1_310' title='bbox 1142 3839 1232 3904; x_wconf 76' lang='grc' dir='ltr'>οὐδὲν</span> <span class='ocrx_word' id='word_1_311' title='bbox 1268 3841 1371 3926; x_wconf 79' lang='grc' dir='ltr'>ἕτερον</span> <span class='ocrx_word' id='word_1_312' title='bbox 1405 3842 1425 3926; x_wconf 80' lang='grc' dir='ltr'><strong>ἢ</strong></span> 
     </span>
     <span class='ocr_line' id='line_1_34' title="bbox 307 3937 1426 4023; baseline -0.001 -21"><span class='ocrx_word' id='word_1_313' title='bbox 307 3940 470 4023; x_wconf 86' lang='grc' dir='ltr'>τεκμήριον</span> <span class='ocrx_word' id='word_1_314' title='bbox 511 3940 615 4023; x_wconf 84' lang='grc' dir='ltr'>φωτὸς</span> <span class='ocrx_word' id='word_1_315' title='bbox 650 3939 702 4002; x_wconf 86' lang='grc' dir='ltr'>διὰ</span> <span class='ocrx_word' id='word_1_316' title='bbox 739 3941 818 4008; x_wconf 89' lang='grc' dir='ltr'>τινδς</span> <span class='ocrx_word' id='word_1_317' title='bbox 852 3937 1093 4023; x_wconf 87' lang='grc' dir='ltr'>παρεγκειμένου</span> <span class='ocrx_word' id='word_1_318' title='bbox 1129 3940 1271 4022; x_wconf 84' lang='grc' dir='ltr'>σώματος</span> <span class='ocrx_word' id='word_1_319' title='bbox 1303 3938 1426 4022; x_wconf 86' lang='grc' dir='ltr'>ἐμποδι-</span> 
     </span>
     <span class='ocr_line' id='line_1_35' title="bbox 309 4033 1439 4120; baseline -0.003 -21"><span class='ocrx_word' id='word_1_320' title='bbox 309 4035 452 4120; x_wconf 77' lang='grc' dir='ltr'>ζομένου,</span> <span class='ocrx_word' id='word_1_321' title='bbox 475 4035 591 4098; x_wconf 85' lang='grc' dir='ltr'>ἐπείτοι</span> <span class='ocrx_word' id='word_1_322' title='bbox 614 4038 718 4118; x_wconf 82' lang='grc' dir='ltr'>φωτὸς</span> <span class='ocrx_word' id='word_1_323' title='bbox 739 4036 770 4099; x_wconf 89' lang='grc' dir='ltr'>έν</span> <span class='ocrx_word' id='word_1_324' title='bbox 795 4037 877 4100; x_wconf 85' lang='grc' dir='ltr'>νυκτί</span> <span class='ocrx_word' id='word_1_325' title='bbox 902 4037 942 4120; x_wconf 88' lang='grc' dir='ltr'>μὴ</span> <span class='ocrx_word' id='word_1_326' title='bbox 964 4033 1116 4120; x_wconf 89' lang='grc' dir='ltr'>παρόντος</span> <span class='ocrx_word' id='word_1_327' title='bbox 1136 4033 1202 4096; x_wconf 81' lang='grc' dir='ltr'>οὐδ’</span> <span class='ocrx_word' id='word_1_328' title='bbox 1229 4033 1264 4098; x_wconf 84' lang='grc' dir='ltr'>ἀν</span> <span class='ocrx_word' id='word_1_329' title='bbox 1286 4035 1355 4100; x_wconf 83' lang='grc' dir='ltr'>σκιά</span> <span class='ocrx_word' id='word_1_330' title='bbox 1376 4056 1439 4120; x_wconf 89' lang='grc' dir='ltr'>με·Ι</span> 
     </span>
     <span class='ocr_line' id='line_1_36' title="bbox 309 4130 1477 4219; baseline 0 -24"><span class='ocrx_word' id='word_1_331' title='bbox 309 4134 376 4217; x_wconf 84' lang='grc' dir='ltr'>ρικὴ</span> <span class='ocrx_word' id='word_1_332' title='bbox 403 4132 533 4214; x_wconf 88' lang='grc' dir='ltr'>γένοιτο.</span> <span class='ocrx_word' id='word_1_333' title='bbox 578 4131 627 4217; x_wconf 84' lang='grc' dir='ltr'>αἶρ’</span> <span class='ocrx_word' id='word_1_334' title='bbox 651 4132 711 4219; x_wconf 87' lang='grc' dir='ltr'>οὐχ</span> <span class='ocrx_word' id='word_1_335' title='bbox 738 4135 799 4219; x_wconf 91' lang='grc' dir='ltr'>όπη</span> <span class='ocrx_word' id='word_1_336' title='bbox 828 4136 912 4212; x_wconf 89' lang='grc' dir='ltr'>σκιά,</span> <span class='ocrx_word' id='word_1_337' title='bbox 939 4131 1005 4195; x_wconf 87' lang='grc' dir='ltr'>ἐκεῖ</span> <span class='ocrx_word' id='word_1_338' title='bbox 1027 4135 1112 4218; x_wconf 74' lang='grc' dir='ltr'>φῶςς</span> <span class='ocrx_word' id='word_1_339' title='bbox 1146 4132 1183 4195; x_wconf 85' lang='grc' dir='ltr'>τὰ</span> <span class='ocrx_word' id='word_1_340' title='bbox 1202 4133 1259 4216; x_wconf 84' lang='grc' dir='ltr'>γὰρ</span> <span class='ocrx_word' id='word_1_341' title='bbox 1284 4130 1425 4196; x_wconf 83' lang='grc' dir='ltr'>ἐπέκεινα</span> <span class='ocrx_word' id='word_1_342' title='bbox 1442 4130 1477 4186; x_wconf 75' lang='grc'>35</span> 
     </span>
     <span class='ocr_line' id='line_1_37' title="bbox 308 4229 1427 4316; baseline -0.001 -23"><span class='ocrx_word' id='word_1_343' title='bbox 308 4236 361 4314; x_wconf 76' lang='grc' dir='ltr'>τῆς</span> <span class='ocrx_word' id='word_1_344' title='bbox 381 4234 466 4298; x_wconf 81' lang='grc' dir='ltr'>σκιάς</span> <span class='ocrx_word' id='word_1_345' title='bbox 494 4231 573 4315; x_wconf 86' lang='grc' dir='ltr'>φωτὶ</span> <span class='ocrx_word' id='word_1_346' title='bbox 593 4232 840 4316; x_wconf 88' lang='grc' dir='ltr'>καταλάμπεται,</span> <span class='ocrx_word' id='word_1_347' title='bbox 869 4233 948 4316; x_wconf 87' lang='grc' dir='ltr'>πλὴν</span> <span class='ocrx_word' id='word_1_348' title='bbox 972 4231 999 4294; x_wconf 90' lang='grc' dir='ltr'>εί</span> <span class='ocrx_word' id='word_1_349' title='bbox 1027 4231 1067 4313; x_wconf 86' lang='grc' dir='ltr'>μή</span> <span class='ocrx_word' id='word_1_350' title='bbox 1092 4252 1127 4312; x_wconf 92' lang='grc' dir='ltr'>γε</span> <span class='ocrx_word' id='word_1_351' title='bbox 1146 4233 1180 4294; x_wconf 89' lang='grc' dir='ltr'>τδ</span> <span class='ocrx_word' id='word_1_352' title='bbox 1204 4231 1327 4301; x_wconf 77' lang='grc' dir='ltr'>σκιάζον</span> <span class='ocrx_word' id='word_1_353' title='bbox 1356 4229 1427 4314; x_wconf 84' lang='grc' dir='ltr'>ῦψει</span> 
     </span>
     <span class='ocr_line' id='line_1_38' title="bbox 308 4325 1427 4415; baseline 0.001 -23"><span class='ocrx_word' id='word_1_354' title='bbox 308 4330 342 4392; x_wconf 92' lang='grc' dir='ltr'>τδ</span> <span class='ocrx_word' id='word_1_355' title='bbox 363 4329 496 4413; x_wconf 75' lang='grc' dir='ltr'>φωτίζον</span> <span class='ocrx_word' id='word_1_356' title='bbox 520 4329 702 4412; x_wconf 76' lang='grc' dir='ltr'>παμπληθεῖ</span> <span class='ocrx_word' id='word_1_357' title='bbox 728 4330 919 4415; x_wconf 85' lang='grc' dir='ltr'>ὑπερβαίνει·</span> <span class='ocrx_word' id='word_1_358' title='bbox 939 4325 993 4413; x_wconf 73' lang='grc' dir='ltr'>κᾷν</span> <span class='ocrx_word' id='word_1_359' title='bbox 1014 4328 1055 4412; x_wconf 78' lang='grc' dir='ltr'>μή</span> <span class='ocrx_word' id='word_1_360' title='bbox 1067 4329 1100 4391; x_wconf 90' lang='grc' dir='ltr'>τδ</span> <span class='ocrx_word' id='word_1_361' title='bbox 1115 4326 1311 4410; x_wconf 86' lang='grc' dir='ltr'>γελοιότατον</span> <span class='ocrx_word' id='word_1_362' title='bbox 1324 4329 1427 4410; x_wconf 74' lang='grc' dir='ltr'>τεῖχος</span> 
     </span>
     <span class='ocr_line' id='line_1_39' title="bbox 308 4423 1426 4512; baseline -0.004 -22"><span class='ocrx_word' id='word_1_363' title='bbox 308 4433 352 4512; x_wconf 81' lang='grc' dir='ltr'>τιγῖ</span> <span class='ocrx_word' id='word_1_364' title='bbox 374 4425 544 4510; x_wconf 84' lang='grc' dir='ltr'>παραλόγῳ</span> <span class='ocrx_word' id='word_1_365' title='bbox 562 4425 655 4509; x_wconf 72' lang='grc' dir='ltr'>τεθῇ,</span> <span class='ocrx_word' id='word_1_366' title='bbox 684 4432 751 4512; x_wconf 85' lang='grc' dir='ltr'>φῶς</span> <span class='ocrx_word' id='word_1_367' title='bbox 773 4427 805 4488; x_wconf 89' lang='grc' dir='ltr'>ἐν</span> <span class='ocrx_word' id='word_1_368' title='bbox 826 4428 905 4512; x_wconf 79' lang='grc' dir='ltr'>φωτί</span> <span class='ocrx_word' id='word_1_369' title='bbox 929 4423 1114 4508; x_wconf 89' lang='grc' dir='ltr'>διαιτωμένη</span> <span class='ocrx_word' id='word_1_370' title='bbox 1139 4423 1309 4506; x_wconf 85' lang='grc' dir='ltr'>φανήσεται</span> <span class='ocrx_word' id='word_1_371' title='bbox 1330 4423 1350 4506; x_wconf 86' lang='grc' dir='ltr'>ή</span> <span class='ocrx_word' id='word_1_372' title='bbox 1374 4444 1426 4486; x_wconf 89' lang='grc' dir='ltr'>κα·</span> 
     </span>
     <span class='ocr_line' id='line_1_40' title="bbox 309 4517 1559 4607; baseline -0.005 -19"><span class='ocrx_word' id='word_1_373' title='bbox 309 4525 370 4588; x_wconf 91' lang='grc' dir='ltr'>κία.</span> <span class='ocrx_word' id='word_1_374' title='bbox 411 4527 478 4592; x_wconf 83' lang='grc' dir='ltr'>πῶς</span> <span class='ocrx_word' id='word_1_375' title='bbox 497 4521 555 4607; x_wconf 81' lang='grc' dir='ltr'>γὰρ</span> <span class='ocrx_word' id='word_1_376' title='bbox 583 4521 619 4586; x_wconf 79' lang='grc' dir='ltr'>ἂν</span> <span class='ocrx_word' id='word_1_377' title='bbox 642 4522 765 4607; x_wconf 77' lang='grc' dir='ltr'>,γένοιτο</span> <span class='ocrx_word' id='word_1_378' title='bbox 795 4521 880 4599; x_wconf 89' lang='grc' dir='ltr'>σκιά,</span> <span class='ocrx_word' id='word_1_379' title='bbox 906 4525 961 4584; x_wconf 89' lang='grc' dir='ltr'>τοῦ</span> <span class='ocrx_word' id='word_1_380' title='bbox 985 4521 1089 4604; x_wconf 32' lang='grc' dir='ltr'>φιωτδς</span> <span class='ocrx_word' id='word_1_381' title='bbox 1111 4517 1151 4583; x_wconf 86' lang='grc' dir='ltr'>δι’</span> <span class='ocrx_word' id='word_1_382' title='bbox 1176 4518 1251 4584; x_wconf 84' lang='grc' dir='ltr'>ὅλου</span> <span class='ocrx_word' id='word_1_383' title='bbox 1274 4519 1353 4584; x_wconf 80' lang='grc' dir='ltr'>κατὰ</span> <span class='ocrx_word' id='word_1_384' title='bbox 1372 4523 1427 4604; x_wconf 80' lang='grc' dir='ltr'>τῆς</span> <span class='ocrx_word' id='word_1_385' title='bbox 1552 4549 1559 4560; x_wconf 91' lang='grc'><em>·</em></span> 
     </span>
    </p>
   </div>
   <div class='ocr_carea' id='block_1_4' title="bbox 0 0 1766 5434">
    <p class='ocr_par' dir='ltr' id='par_1_4' title="bbox 0 0 1766 5434">
     <span class='ocr_line' id='line_1_41' title="bbox 0 0 1766 5434; baseline 0 0"><span class='ocrx_word' id='word_1_386' title='bbox 0 0 1766 5434; x_wconf 95' lang='lat' dir='ltr'> </span> 
     </span>
    </p>
   </div>
  </div>
 </body>
</html>
