3517 5434
351 650 378 738 ἐ
398 683 510 742 ιι-εκ
894 669 936 730 ²0

213 849 217 854 ’
349 839 468 922 γένεσιν
489 835 634 921 ἤνθησεν.
676 837 728 900 καὶ
749 839 817 905 πῶς
838 835 895 900 οὑκ
917 837 1030 901 ἄτοπον
1052 837 1178 920 φάσκειν
1204 833 1393 920 βουλόμενον
1415 837 1469 900 τδν
1530 855 1535 862 ·

350 939 424 1000 θεδν
448 935 573 1005 ἀταξίαν
592 936 646 1018 τὴν
666 936 739 1017 ἡμῖν
762 955 799 1021 γε
823 933 1042 998 ἀναπόδεικτον
1066 937 1119 1016 τῆς
1147 931 1221 1015 ὑλης
1241 937 1370 1014 παῦσαι,
1397 935 1469 996 ἀτα-

351 1036 415 1106 ξίας
434 1032 702 1116 ἀποδεικνυμένων
723 1035 826 1094 κακῶν
849 1033 901 1093 καὶ
928 1030 1124 1115 φαινομένων
1160 1030 1335 1114 ἀνθρώποις
1359 1031 1469 1114 παραί-

348 1157 411 1196 τιον
431 1131 591 1216 γένεσθαις
611 1130 664 1213 τήν
690 1130 744 1213 μέν
762 1129 819 1212 γάρ
844 1127 980 1204 ἀταξίαν,
1004 1127 1041 1210 ἣν
1060 1127 1283 1213 κατεψηφίζετο
1307 1133 1361 1212 τῆς
1381 1129 1468 1212 ύλης,

316 1229 434 1316 ῦλύγῳ
458 1228 551 1311 μόνον
574 1229 733 1312 παράγειν,
757 1224 795 1290 οῦ
816 1227 875 1310 μὴν
897 1226 949 1288 καὶ
974 1225 1071 1296 δεῖξαι
1090 1229 1153 1296 τοῖς
1174 1223 1274 1310 ἔργοις
1295 1226 1468 1310 δεδύνηται,
1503 1305 1507 1310 ι

349 1328 387 1390 τὰ
416 1329 450 1390 δέ
476 1326 557 1390 κακά
582 1326 620 1388 τὰ
650 1325 711 1388 ἀπδ
734 1329 789 1407 τῆς
817 1322 984 1406 μυθώδους
1014 1322 1065 1384 καλ
1097 1324 1138 1408 μή
1170 1323 1375 1408 ἐνδεχομένης
1405 1331 1466 1388 τῶν

351 1425 494 1488 ἐναντίων
525 1425 666 1507 κράσεως
696 1421 872 1506 ὀφθαλμοῖς
902 1419 983 1502 ὑρῶν
1013 1419 1029 1481 ὑ
1059 1418 1188 1503 ἀνόητος
1212 1419 1247 1486 ού
1266 1421 1466 1485 καταδύεται·

350 1523 429 1585 ὥστε
460 1519 649 1606 βουλόμενος
678 1521 730 1582 τδν
753 1517 832 1581 ,θεὸν
859 1515 994 1579 ἀναίτιον
1023 1522 1077 1600 τῆς
1099 1519 1176 1580 κατὰ
1198 1515 1382 1603 ἀνθρώπους
1403 1520 1466 1583 ἀδι·

348 1617 417 1684 κίας
438 1616 613 1700 ἀποφῆναι,
645 1617 823 1680 αἰτιώτατον
854 1611 945 1676 αύτδν
983 1611 1121 1698 ἄντικρυς
1152 1616 1302 1698 ὁμολογεῖ
1329 1615 1464 1700 πλέονῆ

299 1724 333 1777 10
350 1718 439 1778 τοῦτο
470 1715 522 1777 καὶ
551 1713 644 1797 μόνον
678 1713 863 1795 ἐσπούδαζε.
927 1708 977 1784 32,
1023 1711 1099 1797 φέρε
1129 1713 1166 1796 δὴ
1201 1713 1239 1776 τὰ
1270 1712 1465 1798 πραττόμενα

348 1811 429 1876 κακά
447 1812 523 1897 πρδς
547 1812 720 1897 ἀνθρώπων
741 1808 914 1892 κατίδοιμεν
936 1811 991 1873 τίνι
1013 1815 1150 1894 προσῆκε
1173 1809 1363 1896 φιλαλήθως.
1402 1810 1465 1873 ἐπι-

348 1911 487 1994 χειρήσει
516 1911 570 1993 μὲν
591 1909 648 1995 γάρ
670 1908 745 1978 ἴσως
762 1907 813 1970 καὶ
836 1911 892 1990 τῆς
912 1911 1013 1992 ψυχῆς
1032 1912 1136 1991 κρᾶσιν
1161 1907 1384 1991 εἰσηγήσασθαι
1403 1911 1464 1969 τῶν

348 2005 406 2086 (ῶς
427 2007 613 2090 ’ὑπειληφεν)
636 2005 796 2068 ἐναντίων·
834 2002 895 2067 εἴτε
924 2006 958 2068 δὲ
983 2004 1059 2087 αὑτὴ
1088 2003 1250 2088 μονοειδὴς
1272 2005 1402 2089 ὑπάρχει
1430 2004 1465 2067 ἐκ

347 2103 485 2186 τάγαθοῦ
511 2103 586 2187 παρ’
614 2102 699 2187 αὐτῷ
722 2101 783 2164 είτε
806 2103 858 2164 καὶ
886 2102 921 2166 ἐκ
950 2100 1126 2170 συνθέσεως
1145 2107 1204 2166 τῶν
1227 2101 1381 2181 ἐναντίων,
1430 2101 1465 2164 ἐκ

297 2209 329 2264 15
347 2205 401 2283 τῆς
418 2202 541 2285 μερίδος
562 2199 739 2262 τούναντίου
761 2203 816 2261 τοῦ
839 2199 960 2281 ἀγαθοῦ
985 2200 1098 2284 ῥᾳδίως
1112 2198 1373 2284 ἀποδειχθήσεται
1387 2197 1465 2261 κατὰ

347 2297 400 2380 τὴν
425 2299 522 2383 ἀσεβῆ
554 2295 666 2379 ταύτην
697 2294 843 2358 ὑπόθεσιν
873 2297 911 2360 τά
931 2297 1021 2360 κακά
1040 2295 1200 2381 γινόμενα·
1241 2293 1383 2378 ἐστιμέν
1408 2291 1462 2356 ούν

347 2395 514 2478 ἀσώματος
535 2396 555 2476 ή
580 2394 664 2478 ψυχὴ
686 2393 738 2455 καὶ
760 2394 912 2476 μηδαμῶς
941 2392 1082 2456 σύνθεσιν
1110 2393 1175 2457 κατ’
1200 2391 1306 2456 οὐσίαν
1335 2392 1387 2456 καὶ
1409 2391 1464 2475 μά·
1514 2390 1523 2405 “

347 2494 435 2554 λιστα
458 2490 602 2553 ἐναντίων
627 2489 864 2574 ἀποδεχομένη·
908 2491 937 2552 οἱ
963 2491 1020 2576 γὰρ
1055 2491 1089 2554 ἐκ
1112 2489 1271 2575 διαφόρων
1294 2487 1465 2554 συντιθέναι

348 2587 490 2658 δόξαντες
521 2585 616 2670 αὐτ-ἠν
649 2586 685 2648 οῦ
714 2588 767 2670 τὴν
796 2587 902 2651 οὐσίαν
925 2589 1066 2673 ποικιλην
1094 2589 1145 2652 καὶ
1165 2589 1242 2671 πρὸς
1264 2588 1375 2668 ἑαυτὴν
1401 2587 1463 2650 δια·

295 2697 330 2751 ‘20
348 2683 522 2770 φερομένην
547 2684 759 2768 εἰσηγήσαντο,
780 2687 861 2749 ἀλλά
883 2686 936 2755 τάς
957 2686 1110 2772 ἐνεργείας
1135 2685 1229 2768 αὐτῆς
1248 2685 1283 2748 ἐκ
1305 2689 1364 2747 τῶν
1386 2685 1463 2768 ὑρω-

348 2781 448 2867 μένων
473 2781 669 2867 ὑπέγραψαν,
701 2782 756 2845 ένα
784 2783 875 2868 λύγον
907 2784 1024 2848 ἁπλοῦν
1053 2786 1104 2848 καὶ
1133 2783 1346 2868 περιληπτικδν
1370 2780 1465 2864 αὐτῆς

345 2879 535 2963 ποιήσασθαι
555 2880 596 2964 μὴ
618 2879 807 2963 δυνηθέντες.
842 2883 870 2945 εἰ
889 2883 946 2968 γάρ
970 2885 1021 2946 καὶ
1033 2887 1098 2951 ταῖς
1116 2881 1278 2966 διαφύραις
1294 2878 1462 2962 ποιότησιν,

346 2977 384 3046 ἀς
409 2976 602 3062 ἐπιδέχεται,
638 2975 750 3042 ἀλλοτε
775 2978 879 3049 ἄλλως
909 2979 1086 3065 διαφέρεται
1109 2980 1186 3062 πρδς
1208 2979 1339 3061 ἑαυτήν,
1376 2975 1461 3060 ὅμως

346 3072 413 3137 κατ’
441 3073 547 3138 ούσίαν
577 3074 665 3158 ἔργον
694 3076 877 3162 ὑπάρχουσα
904 3083 958 3141 τοῦ
992 3077 1068 3139 θεοῦ
1098 3072 1311 3158 ἀμετάβλητύς
1340 3095 1372 3136 τε
1395 3072 1462 3135 ’ἐστί

293 3179 328 3235 25
345 3171 396 3233 καὶ
417 3169 474 3233 οὐκ
503 3171 537 3234 ἐκ
561 3171 721 3257 διαφόρων
750 3174 918 3257 σύγκειται,
949 3173 1092 3236 ἐναντίων
1123 3170 1226 3254 μέντοι
1252 3171 1392 3254 κράσεων
1414 3191 1461 3233 το-

345 3271 454 3330 σοῦτον
484 3263 676 3353 ἀφέστηκεν,
698 3271 770 3334 ὅσον
800 3273 927 3334 καὶτοῦ
950 3269 1021 3333 καθ’
1045 3270 1156 3351 ἑαυτὴν
1189 3272 1280 3349 σῶμα
1304 3268 1381 3332 εἶναι
1408 3269 1458 3332 δυ-

343 3368 418 3427 κεῖν.
459 3364 566 3449 θῶμεν
588 3367 623 3430 δέ
644 3367 723 3452 κατψ
745 3369 799 3451 τήν
824 3368 941 3430 ἐκείνου
965 3365 1167 3450 ψευδολογίαν
1197 3361 1274 3445 (εἴγε
1296 3364 1347 3425 καὶ
1369 3367 1459 3426 τοῦτο

344 3460 443 3544 λέγειν
465 3461 667 3547 ἐπιχειροίη),
699 3463 743 3533 ῶς
768 3465 818 3526 καὶ
848 3462 973 3546 ήψυχή
999 3465 1054 3524 τοῦ
1084 3459 1251 3542 ἀνθρώπου
1276 3457 1457 3540 συνέστηκεν

267 3631 269 3636 ,
344 3557 376 3627 ἐξ
402 3558 522 3641 ἀγαθοῦ
546 3562 597 3623 καὶ
617 3567 729 3625 κακοῦ·
753 3560 823 3643 οὑχλ
840 3559 874 3620 τδ
898 3558 952 3639 μὲν
971 3557 1138 3638 λογιστικὸν
1155 3553 1249 3636 αὐτῆς
1260 3553 1326 3617 κατ’
1342 3553 1458 3618 ἐκεῖνον

291 3667 327 3722 ³0
344 3654 510 3720 ἀναθετέον
531 3657 575 3743 τηῖ
598 3657 719 3741 ἀγαθῶ,
739 3658 773 3719 τδ
799 3655 827 3718 δ’
849 3653 1009 3736 ἀλόγιστον
1031 3651 1079 3736 εἴη
1101 3657 1140 3738 πή
1158 3653 1266 3737 κακίας
1299 3653 1392 3736 δῆλον
1416 3649 1460 3722 ῶς

343 3750 434 3815 ούδέν
458 3752 494 3817 ἀν
519 3755 623 3838 ἕτερον
647 3755 743 3818 εἰπεῖν
770 3751 848 3838 ἔχοι.
892 3756 945 3836 τῆς
963 3752 1062 3815 τοίνυν
1086 3750 1249 3836 ἐπιθυμίας
1276 3740 1459 3834 κινουμένης

344 3852 508 3934 σφαλερῶς
537 3849 598 3912 εἴτε
627 3851 661 3912 ἐκ
692 3849 787 3932 μόνου
817 3854 871 3913 τοῦ
898 3852 1042 3934 σώματος
1063 3847 1123 3913 εἴτε
1144 3850 1195 3913 καὶ
1218 3847 1252 3912 ἐκ
1270 3853 1325 3914 τοῦ
1344 3849 1457 3935 προσή-

341 3967 447 4014 κοντος
468 3953 507 4031 πή
534 3948 625 4030 κακίφ
648 3945 762 4032 μέρους
791 3953 845 4032 τῆς
863 3952 981 4034 ψυχῆς,
1012 3947 1062 4033 ἀρ’
1085 3946 1258 4029 αὐτόματος
1279 3945 1414 4030 πρόεισιν
1437 3947 1456 4031 ή

340 4042 463 4126 πρᾶξιςς
500 4043 570 4128 οὐχὶ
600 4044 635 4106 δέ
669 4044 781 4129 φθάνει
811 4046 866 4128 μὲν
897 4046 928 4108 ἐν
959 4045 1115 4130 ἀνθρώπῳ
1148 4043 1254 4129 σκέψις
1274 4046 1325 4108 καί
1348 4045 1457 4131 βουλή,

290 4153 324 4209 35
343 4137 450 4202 ἔπειτα
471 4141 567 4225 κρίσις
593 4142 644 4204 καὶ
665 4141 782 4226 αίρεσις
805 4148 859 4226 τῆς
878 4143 1036 4227 πράξεως,
1064 4143 1115 4204 καὶ
1141 4143 1240 4211 οὑτως
1261 4143 1304 4211 εἰς
1326 4140 1413 4227 ἔργον
1436 4145 1455 4224 ή

342 4236 489 4320 ἐπιθυμία
510 4237 714 4324 προφέρεταις
741 4238 921 4328 έ[γ]κλημα
944 4241 979 4303 δὲ
1001 4239 1107 4308 κακίας
1122 4239 1157 4302 ἐκ
1175 4243 1228 4322 τῆς
1239 4240 1388 4324 πράξεως,
1401 4237 1458 4304 ούκ

342 4333 377 4395 ἐκ
398 4337 452 4416 τῆς
471 4334 634 4420 ἐπιθυμίας
651 4338 793 4421 γίγνεται,
816 4336 860 4408 ῶς
883 4339 909 4401 εἰ
933 4338 1061 4422 μείνειεν
1074 4335 1123 4400 ἐπὶ
1140 4338 1277 4421 χώραςή
1293 4335 1458 4421 ἐνθύμησις

339 4433 394 4511 τῆς
416 4429 589 4517 ἐπιθυμίας,
613 4435 657 4502 εἰς
683 4433 770 4521 ἔργον
792 4442 832 4520 τῇ
854 4435 971 4520 αἱρέσει
992 4437 1046 4496 τοῦ
1069 4436 1217 4518 λογισμοῦ
1237 4435 1278 4519 μὴ
1292 4438 1456 4520 προιοῦσα,

339 4531 461 4612 πρῶτον
483 4531 538 4615 μέν
562 4530 598 4595 ἀν
624 4531 834 4621 ἀρπα[σ]θείη
848 4531 969 4609 θᾶττον,
984 4529 1172 4616 ἐξαπτομένη
1184 4553 1218 4594 τε
1230 4531 1297 4618 ἅμα
1308 4532 1359 4596 καὶ
1371 4531 1455 4619 σβεν-
