3517 5434
378 691 411 744 54
542 686 606 743 ’Ότι
622 694 745 760 μέγιστοι
763 690 844 744 κακὸν
861 688 879 757 ἡ
900 692 958 761 περὶ
977 687 1026 742 τοῦ
1044 687 1112 742 θεοῦ
1132 683 1260 756 ἀγνωσία.
1337 711 1390 762 τερ.
1411 693 1435 744 7.

335 1096 354 1161 7
618 1073 760 1160 Ἑρμοῦ
789 1076 860 1142 τοῦ
887 1076 1197 1162 τρισμεγίστον,

380 1184 444 1253 ὅτι
471 1193 666 1272 μέγιστον
695 1183 822 1253 κακὸν
850 1191 893 1251 έν
915 1194 1005 1260 τοῖς
1034 1180 1276 1268 ἀνθρώποις
1298 1183 1318 1265 ἡ
1341 1189 1434 1272 περὶ

697 1299 770 1363 τοῦ
791 1297 896 1362 θεοῦ
926 1293 1116 1379 ἀγνωσία.
1453 1314 1468 1364 3

336 1465 350 1529 1
444 1465 516 1527 Ποῖ
538 1463 694 1552 φέρεσθε,
717 1451 744 1525 ὦ
767 1455 944 1544 ἄνθρωποι
959 1456 1150 1544 μεθύοντες,
1172 1455 1231 1526 τδν
1253 1463 1312 1540 τῆς
1327 1459 1433 1544 ἀγνω·

380 1576 455 1648 σίας
476 1568 623 1658 ἄκρατον
646 1566 737 1638 οἶνον
759 1566 939 1652 ἐκπιόντες,
970 1565 1009 1637 δν
1038 1569 1111 1636 οὐδὲ
1141 1577 1252 1661 φέρειν
1274 1568 1432 1652 δύνασθε,

379 1679 448 1748 ἀλλ’
474 1678 538 1763 ἥδη
561 1678 664 1750 αὐτὸν
685 1685 743 1748 καὶ
765 1688 884 1768 ἐμεῖτες
908 1685 1005 1762 στῆτε
1023 1678 1198 1772 νήψαντες,
1221 1682 1467 1774 ἀναβλέψατεθ

378 1803 449 1871 τοῖς
470 1797 530 1875 τῆς
551 1794 690 1879 καρδίας
708 1792 925 1884 ὀφθαλμοῖς·
948 1787 1004 1859 καὶ
1026 1800 1053 1858 εὶ
1074 1787 1120 1880 μὴ
1142 1791 1261 1872 πάντες
1276 1792 1434 1876 δύνασθε,

379 1910 471 1988 οἵγε
500 1887 685 1992 δυνάμενοι.
729 1904 750 1986 ἡ
779 1901 843 1993 γύρ
872 1909 932 1986 τῆς
960 1903 1126 1990 ἀγνωσίας
1153 1909 1251 1972 κακία
1279 1903 1435 1986 ἐπικλύζει

379 2020 493 2085 πᾶσαν
516 2013 577 2099 τὴν
599 2019 663 2103 γῆν
684 2020 741 2084 καὶ
763 2019 965 2108 σομφθείρει
987 2012 1048 2098 τὴν
1070 2023 1105 2083 ἐν
1127 2017 1174 2101 τῷ
1196 2013 1324 2104 σώματι
1336 2035 1466 2085 κατα-9

378 2133 605 2214 κεκλεισμένην
627 2127 745 2219 ψυχήν,
767 2125 813 2214 μὴ
836 2131 924 2194 ἐῶσα
946 2128 1182 2215 ένορμίζεσθαι
1204 2139 1273 2207 τοῖς
1294 2133 1354 2211 τῆς
1376 2155 1434 2198 σω-

336 2249 357 2314 2
378 2242 495 2321 τηρίας
517 2242 633 2322 λιμέσι.
675 2237 722 2322 μὴ
747 2241 1029 2326 συγκατενεχθῆτε
1056 2243 1234 2328 τοιγαροῦν
1256 2243 1302 2325 τῷ
1322 2245 1434 2326 πολλῷ

379 2346 525 2436 ῥεύματι,
546 2347 713 2435 ἀναρροίρι
735 2351 769 2416 δὲ
788 2346 992 2437 χρησάμενοι
1015 2355 1047 2416 οὶ
1068 2348 1243 2438 δυνάμενοι
1264 2353 1435 2437 λαβέσθαι
1453 2368 1486 2419 12

380 2462 440 2527 τοῦ
461 2462 521 2540 τῆς
543 2462 706 2547 σωτηρίας
728 2463 866 2546 λιμένος,
880 2459 1134 2548 ένορμισείμενοι
1147 2461 1252 2549 τούτῳ
1274 2462 1434 2545 ζητήσατε

377 2568 581 2657 χειραγωγὸν
609 2567 669 2639 τὸν
697 2569 907 2655 ὀδηγήσοντα
935 2571 1021 2660 ὑμᾶς
1047 2577 1100 2640 έιιὶ
1127 2569 1188 2652 τὰς
1209 2578 1267 2655 τῆς
1288 2573 1435 2661 γνώσεως

380 2680 500 2768 θύρας,
524 2679 608 2748 ὅπου
631 2685 697 2751 ἐστὶ
720 2681 760 2750 τὸ
782 2679 936 2773 λαμπρὸν
958 2687 1036 2776 (poio,
1060 2680 1098 2752 τὸ
1115 2681 1273 2774 καθαρὸν
1290 2687 1434 2771 σκότους,
1453 2703 1485 2754 15

451 2911 475 2962 l.
493 2909 590 2982 Ἑρμοῦ
609 2906 658 2962 τοῦ
675 2914 864 2982 τρισμεγίστον
883 2934 933 2966 om.
953 2913 983 2966 B.
1038 2916 1064 2966 2.
1082 2921 1139 2973 τοῖς
1157 2933 1207 2966 om.
1221 2913 1254 2967 Β.
1308 2914 1333 2964 5.
1352 2903 1435 2976 οἶνοι]

450 2997 485 3049 εἰσ
503 2996 533 3060 Β,
551 2997 630 3065 λόγον
649 2999 671 3048 Α
691 2997 770 3051 Turn.
785 2999 881 3066 Fines,
900 3021 950 3052 orn.
970 3001 1036 3052 Patr,
1113 2999 1138 3052 6.
1156 2995 1215 3068 ἤδη]
1238 2997 1256 3065 ἢ
1274 2997 1315 3052 ὅτι
1334 2999 1399 3051 Patr.
1419 2991 1433 3066 Η

451 3081 629 3154 deustionem]
653 3084 688 3136 oie
707 3086 767 3148 AB,
790 3081 988 3154 ἀναβλέψαντες
1010 3085 1077 3137 editi.
1166 3083 1194 3136 8.
1211 3100 1267 3154 post
1286 3087 1315 3137 ολ·
1329 3105 1357 3152 γε
1377 3084 1436 3136 editi

451 3172 507 3223 add.
528 3175 585 3233 καὶ,
606 3191 657 3223 om.
675 3171 707 3223 B.
800 3171 841 3223 10.
859 3180 917 3231 τοῖς
935 3190 985 3222 om.
1004 3171 1070 3221 Patr.
1166 3169 1206 3219 14.
1225 3168 1433 3236 ὁδηγὴσατταΑ

451 3257 516 3311 Patr.
538 3253 551 3325 Η
589 3254 669 3326 ὑμᾶς]
688 3255 758 3326 ἡμᾶς
776 3256 842 3307 Patr.

704 3453 867 3519 Hermetis
890 3453 1111 3539 Trismegisti‚

404 3569 490 3656 quod
511 3568 684 3634 maximum
706 3565 826 3629 malum
847 3565 882 3629 in
903 3562 1084 3631 hominibus
1106 3563 1159 3630 dei
1181 3567 1223 3632 sit
1243 3567 1412 3656 ignoratio.

434 3735 497 3805 Quo
518 3732 641 3798 ferimini,
659 3750 675 3784 o
693 3728 815 3785 hominen
834 3729 910 3798 ebrii,
929 3729 1094 3806 ignorantiae
1111 3751 1184 3787 mero
1203 3742 1293 3808 epoto,
1312 3734 1384 3811 quod
1402 3754 1436 3790 ne

382 3821 452 3875 l'erre
471 3817 578 3892 quidem
596 3817 723 3892 potestis,
741 3813 790 3871 sed
807 3817 859 3872 iem
876 3820 966 3895 ipsum
986 3818 1126 3874 evomitis?
1144 3827 1214 3874 stete
1232 3821 1336 3888 sobrii,
1349 3823 1436 3878 visum

382 3903 521 3960 oculorum
540 3900 630 3957 cordio
649 3902 790 3970 resumit03
808 3914 836 3960 et
854 3906 878 3960 oi
897 3925 952 3960 non
971 3923 1063 3960 omnes
1076 3907 1201 3982 potestis,
1219 3906 1315 3963 saltem
1332 3905 1369 3972 hi,
1389 3907 1435 3978 qni

382 3999 505 4068 possunt.
547 3990 710 4062 ignorantiae
737 4009 849 4066 nomque
877 3993 996 4067 pravitas
1023 3990 1135 4048 inundet
1162 4013 1267 4048 omnem
1288 4003 1387 4047 terram
1409 4000 1437 4044 et

383 4076 532 4151 corrumpit
553 4076 665 4132 animem
686 4078 714 4132 in
733 4096 847 4154 corpore
865 4075 995 4145 clansam,
1017 4097 1072 4134 non
1094 4082 1200 4157 patiens
1219 4099 1275 4134 eam
1293 4079 1321 4132 in
1340 4075 1435 4131 solutis

382 4160 518 4239 appellere
536 4171 639 4238 portus.
675 4183 709 4219 ne
727 4164 808 4237 igitur
826 4161 982 4219 deseremini
994 4183 1054 4220 cum
1066 4164 1150 4220 multo
1162 4164 1247 4232 fluxu,
1264 4162 1313 4218 sed
1326 4181 1437 4218 recursu

383 4250 425 4304 uei
444 4249 491 4324 qui
508 4251 625 4326 potestis
643 4249 739 4305 solutio
757 4257 865 4325 portum
883 4249 1094 4326 apprehendere,
1112 4250 1147 4305 ad
1164 4249 1236 4305 huno
1248 4247 1391 4326 applicate,
1410 4258 1437 4304 et

384 4337 512 4410 quaerite,
530 4338 578 4412 qui
596 4356 646 4393 vos
664 4334 845 4390 manducatio
858 4337 936 4404 viam,
955 4357 1007 4414 qua
1026 4335 1059 4392 od
1078 4337 1238 4410 cognitionis
1256 4337 1360 4392 ianuam
1378 4355 1438 4412 per·

384 4424 511 4505 veniatis,
535 4424 581 4480 ubi
603 4420 775 4501 splendidum
797 4420 899 4492 lumen,
918 4443 1013 4500 purum
1032 4444 1047 4478 a
1065 4420 1197 4490 tenebris,
1222 4422 1270 4479 ubi
1287 4443 1366 4480 nemo
1384 4423 1439 4478 ine-
