3517 5434
397 742 432 794 7⁰
880 747 968 806 Κλελς.
1332 771 1386 821 cnp.
1408 753 1450 806 ltt.

392 899 479 974 θέας
499 899 787 984 κατακοιμίζονεαι
801 896 961 977 πολλάκις
974 894 1041 966 ἀπὸ
1064 901 1125 965 τοῦ
1146 897 1300 987 σώματος
1323 909 1368 981 εἰς
1389 903 1451 987 τὴν

160 1001 184 1074 ⁸?
199 1004 246 1073 εὖ
391 1009 572 1090 καλλίστην
593 1005 682 1098 ὄψιν,
704 1005 813 1096 ὥσπερ
832 1007 986 1096 Οὐρανὸς
1007 1012 1063 1076 καὶ
1086 1008 1221 1099 Κρόνος
1243 1018 1276 1079 οὶ
1297 1012 1449 1104 ἡμέτεροι

392 1116 554 1207 πρόγονοι
575 1116 832 1208 ἐντετυχήκασιν.
878 1122 952 1188 εἰ’θε
974 1123 1030 1187 καὶ
1052 1119 1154 1206 ἡμεῖς,
1176 1116 1203 1188 ὦ
1224 1122 1338 1212 πάτερ.
1468 1143 1483 1195 3

462 1228 610 1320 Ἑρμῆς.
643 1231 734 1298 Είθε
755 1229 836 1321 γάρ,
857 1223 885 1297 ὦ
906 1237 1036 1300 τέκνον·
1058 1235 1119 1300 νῦν
1140 1235 1175 1300 δὲ
1198 1237 1245 1300 ἔτι
1265 1234 1449 1323 ἀτονοῦμεν

390 1338 475 1430 πρὸς
502 1338 565 1424 τὴν
592 1337 686 1434 ὄψιν,
721 1345 778 1410 καὶ
807 1338 897 1410 οὔπω
930 1340 1085 1430 λσχύομεν
1118 1341 1326 1412 ἀναπετάσαι
1355 1345 1448 1432 ἡμῶν

390 1448 468 1531 τοῦς
489 1459 549 1521 τοῦ
571 1458 632 1522 νοῦ
654 1451 859 1546 ὀφθαλμοὺς
879 1458 936 1522 καὶ
958 1451 1163 1522 θεάσασθαι
1183 1451 1222 1526 τὸ
1244 1454 1365 1534 κάλλος
1386 1461 1447 1525 τοῦ
1465 1475 1481 1526 6

390 1562 532 1648 ἀγαθοῦ
559 1569 683 1634 ἐκείνου
708 1561 747 1631 τὸ
776 1561 976 1656 ἀφθαρτον,
1004 1562 1043 1632 τὸ
1071 1561 1229 1647 ἄληπτον.
1279 1565 1354 1634 τότε
1381 1567 1446 1657 γάρ

391 1670 474 1740 αὐτὸ
503 1669 593 1764 ὄψει,
623 1674 707 1743 ὅταν
734 1679 839 1764 μηδὲν
866 1679 941 1764 περὶ
964 1675 1068 1745 αὐτοῦ
1089 1680 1163 1764 λχης
1185 1683 1294 1745 εἰπεῖν.
1337 1674 1445 1767 ἡμάρ

251 1788 320 1879 ’μμ
389 1789 510 1869 γνῶσις
531 1785 636 1855 αὐτοῦ
655 1789 711 1854 καὶ
733 1790 815 1856 θεία
837 1783 945 1878 ormari
972 1792 1119 1856 ἐστικαὶ
1144 1792 1308 1878 καταρμία
1330 1791 1481 1858 πασῦνε

348 1899 368 1968 6
391 1899 455 1963 τῶν
484 1894 687 1980 αἰσθήσεων.
743 1894 818 1966 οὔτε
845 1895 911 1986 γάρ
941 1893 1023 1966 ἀλλο
1053 1925 1085 1966 τι
1114 1896 1253 1966 δύναται
1278 1901 1400 1981 νοῆσαι
1427 1899 1446 1966 ὁ

389 2008 488 2074 τοῦτο
509 2007 649 2091 νοήσας,
672 2005 747 2077 orire
770 2007 853 2077 ἀλλο
875 2035 908 2076 τι
928 2007 1133 2078 θεάσασθαι
1155 2009 1173 2077 ὁ
1196 2015 1293 2078 τοῦτο
1317 2009 1447 2080 θεασά-

322 2171 325 2174 .
389 2141 503 2203 μενος,
533 2115 607 2186 οὔτε
637 2124 712 2207 περὶ
734 2117 839 2188 ἀλλον
859 2116 948 2200 τινὸς
969 2119 1126 2202 ἀκοῦσαι,
1149 2117 1224 2189 orire
1245 2117 1285 2188 τὸ
1307 2119 1447 2190 σύνολον
1465 2141 1499 2193 12

389 2230 486 2314 σῶμα
513 2233 655 2312 κινῆσαι.
698 2234 817 2298 πασῶν
843 2228 909 2322 γάρ
937 2236 1003 2300 τῶν
1035 2236 1229 2320 σωματικῶν
1255 2230 1448 2313 αλσθὴσεάν

388 2342 502 2405 τεκαὶ
530 2338 689 2421 κινήσεων
719 2340 959 2428 ἐπιλαβόμενος
980 2341 1122 2432 ἀτρεμεῖ.
1168 2340 1384 2435 περιλάμψαν
1412 2347 1448 2412 δὲ

389 2444 501 2516 πάντα
522 2446 583 2519 τάν
603 2456 686 2521 νοῦν
707 2456 766 2520 καὶ
779 2449 841 2536 τὴν
855 2450 938 2534 ὅλην
958 2451 1069 2545 ψνχὴν
1083 2451 1271 2542 ἀναλάμπει
1286 2457 1342 2522 καὶ
1356 2453 1448 2523 ἀνέλ·
1465 2475 1501 2527 15

389 2583 439 2627 κει
460 2558 528 2629 ἀπὸ
550 2568 611 2631 τοῦ
633 2561 802 2651 σώματος,
829 2567 886 2632 καὶ
915 2561 996 2632 ὅλον
1024 2563 1127 2634 αὐτὸν
1155 2572 1201 2642 eto
1223 2565 1342 2634 οὐσίαν
1362 2568 1450 2634 θεοῦ

461 2765 486 2818 l.
509 2779 565 2818 ante
583 2762 641 2821 ἀπὸ
666 2767 726 2820 libri
744 2769 800 2821 add.
819 2770 860 2832 (tt,
884 2767 1001 2838 expunxit
1018 2768 1090 2821 Tied.
1110 2762 1124 2837 ΙΙ
1168 2763 1238 2835 ἀπὸ]
1260 2767 1296 2819 sie
1313 2767 1374 2831 AB,
1395 2767 1448 2822 ὑπὸ

459 2851 559 2922 reliqui.
647 2853 674 2908 2.
697 2851 796 2926 ὅσπερ]
819 2853 854 2906 sic
871 2853 894 2906 B
913 2853 999 2921 Tiso,
1028 2852 1092 2926 ὅπερ
1116 2857 1138 2906 A
1163 2853 1243 2907 Turn.
1267 2853 1342 2918 Patr,
1364 2851 1448 2925 ὅσπερ

457 2938 552 3004 Flete,
570 2959 601 2991 sn
621 2930 706 3012 ἡπερὲ
732 2939 870 2993 Velsenius.
946 2941 971 2992 5.
996 2937 1081 3008 oinct]
1100 2941 1136 2992 sic
1156 2941 1233 3005 Patr,
1251 2939 1335 3000 οὕτως
1354 2935 1401 2993 οῦκ
1425 2943 1448 2991 Α

461 3024 542 3078 Turn.
560 3026 653 3088 Flore,
672 3021 720 3078 οῦκ
739 3026 769 3078 Β.
860 3024 886 3080 8.
906 3030 1000 3098 ἔχομεν
1018 3027 1084 3078 Patr.
1175 3025 1200 3080 9.
1220 3030 1275 3080 θέα
1294 3031 1314 3078 Α
1334 3027 1413 3078 Fluss.
1434 3020 1448 3094 Η

459 3114 594 3183 καταρτλα
612 3108 684 3179 (sic)
701 3111 806 3178 Vergit,
825 3107 906 3184 ἀργία
924 3112 956 3164 Β.
1023 3111 1064 3163 12.
1084 3107 1178 3179 ἀλλον]
1203 3107 1352 3183 ἀνθρώπου
1370 3113 1449 3164 Turn.
1496 3137 1499 3142 ·

458 3194 504 3250 13.
527 3195 620 3267 σῦμα]
643 3197 678 3249 sic
700 3199 735 3259 A,
762 3198 794 3252 τὰ
819 3199 897 3269 σῶμα
918 3197 1019 3270 reliqui.
1127 3197 1169 3250 lt.
1193 3198 1361 3268 ἐπιλιιόμενος
1384 3198 1450 3249 Patr.

460 3281 505 3337 16.
524 3278 593 3350 ἀπὸ]
612 3284 647 3335 εἰσ
665 3284 741 3349 Pau,
758 3284 804 3338 ῦιοὶ
821 3285 920 3356 reliqui.
944 3279 959 3353 Η
996 3282 1076 3349 θεοῦ]
1095 3283 1130 3335 sic
1151 3283 1225 3345 Patr,
1245 3302 1296 3334 om.
1314 3283 1413 3349 reliqui.

389 3433 553 3492 mortalitate
579 3435 696 3513 plenum.
737 3441 783 3508 qni
805 3448 922 3518 possunt
948 3435 1010 3514 plus
1031 3432 1134 3507 aliquid
1161 3431 1268 3486 haurire
1291 3432 1447 3507 spectaculi,

391 3519 565 3577 obdormiunt
587 3521 726 3582 multoties
744 3547 759 3582 ε
778 3545 893 3603 corpore
916 3521 950 3578 od
971 3515 1178 3596 pulcherrimam
1203 3516 1349 3586 visionem,
1376 3519 1449 3595 qnod

391 3604 491 3663 Caelus
509 3617 537 3663 et
549 3607 683 3667 Saturnus
701 3613 789 3668 nostri
807 3610 993 3688 progenitores
1012 3601 1103 3657 sortiti
1121 3609 1191 3656 sunt.
1225 3603 1326 3658 utinom
1344 3613 1372 3660 ot
1389 3625 1448 3674 nos,

392 3713 409 3748 ο
448 3703 517 3749 oter.

427 3713 591 3836 pHermes.
612 3779 731 3851 Utinam,
750 3803 766 3838 o
784 3781 833 3837 fili.
864 3793 934 3832 nnnc
952 3791 1017 3828 vero
1030 3773 1115 3844 ,etiam
1134 3773 1223 3830 minus
1241 3775 1338 3834 intenti
1356 3797 1449 3835 sumus

392 3863 426 3920 ml
444 3865 590 3934 visionem,
608 3877 636 3924 et
653 3869 772 3926 nondum
789 3865 907 3921 velemus
926 3861 1030 3938 aperire
1049 3861 1146 3918 mentis
1164 3861 1269 3931 oeulos,
1288 3873 1315 3919 et
1332 3874 1450 3920 contem·

392 3949 462 4028 pleri
484 3950 713 4029 pulchritudinem
736 3953 801 4008 boni
823 3947 897 4004 illius
920 3948 1114 4026 incorruptam,
1142 3947 1448 4026 incomprehensibilem.

393 4046 458 4092 tnnc
476 4040 547 4096 enim
563 4041 651 4117 ipsam
670 4057 779 4101 cernes,
797 4033 905 4109 quando
924 4032 991 4089 nihil
1009 4033 1043 4092 de
1061 4056 1091 4090 ea
1110 4035 1209 4092 hebens
1227 4035 1323 4091 dicere.
1361 4037 1450 4110 cogni-

393 4122 433 4177 tlo
452 4141 565 4199 nemque
582 4128 669 4205 ipsius
687 4124 807 4179 divinum
820 4130 863 4176 cst
874 4120 1010 4177 silentium
1029 4132 1055 4177 et
1067 4125 1182 4179 omnium
1196 4140 1322 4178 sensuum
1334 4123 1449 4197 requies.

393 4227 483 4284 neque
510 4213 580 4268 enim
604 4211 749 4287 quidquem
779 4204 852 4263 eliud
873 4217 966 4286 potest
989 4207 1140 4284 intelligere
1164 4210 1210 4283 qui
1231 4206 1284 4262 hoc
1306 4206 1449 4274 intellexit,

394 4313 482 4369 neque
499 4295 572 4354 uliud
591 4294 734 4371 quidquam
753 4292 888 4370 speculari
917 4296 963 4372 qui
981 4293 1033 4352 hoc
1054 4295 1137 4363 vidit,
1156 4313 1244 4370 neque
1263 4291 1297 4348 de
1315 4292 1368 4349 olio
1387 4315 1452 4371 quo·

292 4451 295 4457 ¹
395 4400 474 4458 quam
496 4382 602 4447 audire,
625 4399 713 4455 neque
736 4382 844 4438 omnino
867 4401 967 4461 corpus
989 4401 1105 4438 movero.
1141 4381 1265 4436 nimirum
1283 4385 1376 4438 omnes
1395 4399 1453 4438 cor·

395 4469 470 4543 poris
483 4485 580 4525 seusus
594 4475 621 4521 et
634 4476 723 4525 motus
737 4469 886 4548 corripiens
899 4470 1022 4547 quiescit.
1059 4465 1278 4525 circumlustrans
1291 4487 1356 4526 vero
1371 4475 1452 4522 toturn
