3517 5434
334 851 381 925 Β,
415 853 493 938 φαίη
516 849 547 914 δ’
574 849 612 912 ἀν
633 871 678 917 τις
699 852 743 917 ώς
761 847 858 912 πλέον
879 846 917 910 ἀν
941 845 1128 932 ἔβασανίσθη
1150 851 1211 909 τῶν
1234 846 1451 932 ἀνθρώπωνῆ

245 1007 250 1014 ,
333 949 497 1034 πρόθεσις,
519 949 548 1010 εἰ
569 948 675 1029 μηδεὶς
695 951 866 1030 κακοῦργος
889 943 1095 1028 ἐλεγχόμενος
1116 944 1312 1028 ἐπῃωρεῖτο,
1343 945 1452 1027 γέγονε

334 1047 372 1110 δὲ
398 1045 573 1108 τούναντίον
596 1043 735 1127 ἄντικρυς
753 1043 913 1126 προτροπὴ
937 1045 992 1104 τοῦ
1015 1045 1221 1126 κοινοπραγεῖν
1240 1042 1275 1104 τὸ
1297 1042 1340 1126 μὴ
1359 1065 1452 1106 κατα-

334 1140 550 1227 λαμβάνεσθαί
579 1163 656 1204 ποτε
685 1142 763 1224 πρὸς
785 1145 846 1202 τῶν
874 1137 977 1221 νόμων
1006 1138 1105 1206 ἐνίους
1131 1141 1191 1200 τῶν
1220 1137 1385 1220 μετιόντων
1414 1141 1452 1204 τὰ

299 1247 319 1302 5
335 1242 429 1304 κακά·
445 1239 517 1302 ὅθεν
532 1238 676 1320 ἑκάτερον
689 1239 867 1319 ἀναγκαῖον,
877 1237 929 1298 καὶ
939 1237 973 1300 τδ
986 1235 1206 1319 παρεμπίπτειν
1218 1236 1268 1298 τὸν
1279 1242 1451 1320 κακοῦργον

335 1339 378 1406 εἰς
389 1338 564 1419 ἀνατροπῆς
574 1335 746 1418 ὑπόδειγμα
754 1337 807 1398 καὶ
819 1335 882 1414 [τὸ]
895 1332 1070 1417 διαφεύγειν
1086 1333 1130 1400 εἰς
1142 1333 1274 1417 βάσανον
1288 1335 1449 1417 λογισμοῦ.

334 1433 578 1516 ἐλευθεριάζοντι
596 1431 655 1516 γὰρ
674 1437 720 1518 τῷ
741 1431 899 1516 ἀνθρώπεμ
917 1433 994 1516 πρὸς
1015 1429 1129 1514 αίρεσιν
1143 1429 1254 1513 ἀρετῆς
1267 1432 1318 1494 καὶ
1331 1431 1450 1504 κακίας,

333 1531 416 1593 οὑτω
428 1530 505 1612 πρὸς
523 1529 600 1592 θεοῦ
613 1528 784 1613 γενομένῳ,
795 1527 913 1598 ἔξωθεν
925 1529 1138 1614 προσυπάρχει
1153 1526 1204 1588 καὶ
1216 1527 1250 1590 τὸ
1266 1528 1451 1612 βοηθεῖσθαι

333 1628 387 1692 καὶ
415 1626 591 1710 ἐρείδεσθαι
616 1625 730 1710 τρόπον
758 1625 825 1689 τινά
851 1630 906 1708 τῖμ
934 1627 1087 1702 διάνοιαν,
1116 1625 1181 1687 οῖον
1205 1623 1255 1686 διά
1277 1625 1379 1710 φόβου
1399 1628 1451 1690 καὶ

283 1735 318 1788 1⁰
336 1724 485 1810 ἀφοβίας,
514 1729 697 1808 προτροπῶν
722 1745 756 1786 τε
783 1724 835 1787 καὶ
859 1725 1059 1807 ἀποτροπῶν,
1092 1722 1185 1788 νόσου
1207 1745 1241 1784 τε
1263 1723 1313 1784 καὶ
1337 1723 1450 1804 ὑγείας,

333 1821 440 1889 πενίας
463 1843 498 1882 τε
522 1823 576 1884 καὶ
594 1822 741 1886 πλούτου.
771 1822 822 1886 καὶ
841 1823 942 1885 πάντα
962 1820 1001 1884 τά
1023 1820 1211 1884 ἀντικεῖσθαι
1233 1819 1381 1900 ἀλλήλοις
1400 1821 1449 1882 δο·

332 1923 448 1982 κοῦντα
473 1920 650 2002 συμφώνως
672 1921 751 2003 πρδς
775 1921 808 1983 ἓν
831 1921 938 1995 τείνει,
966 1921 1010 1988 ώς
1033 1918 1069 1982 ἀν
1090 1919 1143 1982 τὸν
1163 1917 1355 2000 ἀνθρώπινον
1378 1921 1449 1980 νοῦν

334 2016 533 2098 διαγυμνάίοι
558 2016 655 2098 μηδὲν
681 2018 924 2098 ἀποκαθεύδειν,
956 2014 1097 2080 ἐντεῦθεν
1126 2015 1161 2078 δὲ
1187 2013 1330 2098 κάκεῖθεν
1359 2037 1449 2076 κατα·

332 2112 522 2195 κρουόμενον
549 2113 778 2197 διεγρηγορέναι
804 2118 883 2199 πρδς
903 2117 938 2179 τδ
959 2112 1048 2198 ἔργον
1071 2116 1125 2196 τῆς
1145 2111 1305 2196 εὐσεβείας
1326 2111 1451 2194 καὶτῆς

284 2219 317 2276 1⁶
335 2209 456 2291 ἀρετῆς.
501 2207 546 2282 Ιθ.
576 2210 606 2272 εί
627 2211 663 2273 δὲ
683 2212 737 2273 καὶ
756 2212 947 2283 κολάζεσθαί
965 2233 1032 2274 τινα
1055 2211 1218 2295 συμβαίνοι
1237 2208 1293 2272 οὑκ
1316 2208 1449 2270 ἀναίτιον

334 2305 427 2386 μόνον
449 2306 531 2370 ἀλλὰ
552 2308 605 2369 καὶ
625 2307 801 2390 θαυμάσιον
823 2308 933 2394 ἀνδρα,
954 2310 1004 2372 καὶ
1026 2310 1110 2392 δίκην
1131 2309 1242 2391 ἀρετῆς
1254 2305 1450 2369 ἀπαιτεῖσθαι

332 2409 456 2479 τοῦτον,
483 2405 514 2466 τί
536 2402 573 2466 ἀν
600 2405 715 2489 βλάβος
737 2408 929 2490 προσαγάγοι
952 2411 997 2492 τῷ
1021 2407 1185 2490 πάσχοντιγ
1218 2401 1369 2487 διελέγχει
1395 2403 1449 2485 μὲν

331 2499 391 2582 γάρ
416 2501 489 2569 τοὺς
513 2506 694 2579 ποιοῦντας,
724 2503 761 2566 οῦ
788 2505 915 2588 βλάπτει
940 2505 976 2568 δὲ
996 2505 1048 2568 τδν
1074 2501 1285 2586 ὑπομένοντα,
1313 2498 1368 2585 κάν
1391 2501 1452 2569 ἕως

332 2596 467 2660 θανάτου
494 2597 625 2683 φέρηται
648 2599 686 2661 τὰ
714 2604 768 2682 τῆς
793 2599 909 2683 ἀλόγου
938 2601 1095 2685 τιμωρίας.
1136 2599 1259 2684 φθάσας
1285 2597 1343 2682 γὰρ
1373 2597 1391 2662 ὑ
1415 2621 1450 2680 γε

281 2707 317 2762 w
334 2698 473 2763 τοιοῦτος
494 2694 652 2779 νεκρότητι
673 2696 711 2760 τά
729 2700 807 2783 πρδς
824 2701 876 2762 τδν
901 2699 965 2784 βίον
986 2697 1202 2784 μεμελέτηκεν.
1231 2693 1263 2783 ᾤ
1278 2695 1336 2780 γάρ
1355 2696 1450 2779 μηδὲν

334 2792 399 2873 μὲν·
412 2790 474 2875 ἡδὶν
496 2797 558 2854 τῶν
577 2798 644 2863 τοῖς
663 2797 830 2880 πολλοῖςῆ
852 2796 962 2880 ἀηδές,
993 2802 1060 2866 πῶς
1084 2795 1155 2880 ούχὶ
1178 2797 1285 2879 νεκρὸς
1305 2799 1360 2858 τοῦ
1383 2794 1450 2879 βίου

332 2890 385 2951 καλ
406 2891 468 2973 πρθ
495 2890 632 2954 θανάτου
658 2891 676 2954 ὑ
701 2915 736 2973 γε
762 2898 902 2962 τοιοῦτος
927 2893 1132 2977 καθέστηκενς
1163 2895 1207 2960 είς
1228 2895 1317 2977 χάριν
1340 2893 1393 2974 τήν
1414 2913 1450 2972 γε

333 2985 537 3069 νομιζομένην
572 2987 755 3074 ἐπιβουλὴν·
775 2989 958 3074 δεχόμενος,
988 2988 1010 3076 ἡ
1038 2990 1115 3074 μετὰ
1141 2991 1193 3052 τθν
1220 2988 1357 3072 παρόντα
1385 2987 1449 3072 βίον

333 3082 493 3167 προσδοκᾷ
524 3084 661 3167 μείζοσιν
695 3087 826 3168 ἀγαθοῖς
858 3088 1052 3157 ἐντεύξεσθαι
1085 3087 1127 3149 ών
1160 3087 1321 3148 ἀπολιπεῖν
1354 3085 1450 3158 δοκεῖ,

282 3189 317 3248 ὅ
336 3171 388 3262 ἐφ’
412 3179 530 3264 ἀπρδς
549 3187 610 3244 τῶν
633 3183 757 3268 ἐχθρῶν
774 3184 899 3269 ταχέως
919 3182 1201 3267 παραπεμπόμενος
1227 3185 1269 3248 ώς
1289 3177 1451 3261 εὐεργέτας

332 3275 405 3344 τοὺς
429 3277 688 3363 ἐπιβουλεύοντας
717 3279 795 3364 ἔχει.
840 3282 892 3342 καὶ
920 3279 1024 3346 ἄλλως
1047 3278 1078 3340 ἐν
1102 3279 1277 3360 ἀνθρώποις
1298 3275 1449 3357 ἀναγκαία

332 3376 388 3454 τῆς
413 3374 550 3457 βασάνου
577 3378 596 3458 ἡ
619 3377 705 3461 παρά
726 3381 781 3438 τοῦ
804 3378 881 3438 θεοῦ
906 3377 1107 3458 συγχώρησις,
1131 3377 1174 3442 ώς
1197 3372 1233 3436 άν
1256 3371 1449 3457 δοκιμωτέρα

332 3471 479 3553 τυγχάνοι
505 3474 525 3555 ἡ
557 3474 672 3557 αίρεσις
699 3478 753 3555 τῆς
780 3474 908 3555 ἀρετῆς,
942 3471 969 3533 εἰ
1000 3471 1079 3553 μηδὲ
1109 3471 1241 3534 θάνατον
1273 3470 1448 3555 εὑλαβοῖτο.

333 3563 388 3637 20.
417 3571 573 3652 πονηρούς
591 3572 626 3632 δὲ
645 3569 695 3633 καὶ
716 3565 950 3635 πλεονεκτικοῖις
973 3565 1045 3630 όταν
1069 3566 1184 3651 ἴδωμεν
1208 3565 1287 3630 ἔστιν
1308 3565 1359 3630 ὅτε
1377 3589 1448 3650 κρα-

282 3672 318 3728 θθ
334 3669 461 3732 τσῦντας
487 3668 538 3729 καὶ
566 3667 619 3734 τάς
646 3664 745 3748 ἀρχὰς
769 3662 1026 3746 πιστευομένους,
1058 3664 1156 3728 ἰστέον
1186 3663 1232 3728 ὅτι
1257 3663 1450 3750 συγχώρησίς

334 3759 398 3824 ἐστι
422 3764 474 3824 καὶ
501 3767 591 3824 τοῦτο
620 3765 673 3841 τῆς
701 3760 879 3842 οἰκονομίας
900 3766 955 3825 τοῦ
979 3763 1066 3826 θεοῦ.
1115 3761 1238 3826 ἐπειδὰν
1259 3759 1316 3845 γάρ
1338 3760 1375 3824 τὰ
1396 3765 1449 3842 τῆς

333 3857 483 3942 ἁμαρτίας
508 3857 665 3937 πλεονάίη
691 3860 750 3918 τῶν
774 3857 974 3942 ἀρχομένων,
1000 3857 1127 3928 κόλασις
1147 3858 1183 3922 ἀν
1204 3857 1322 3941 γένοιτο
1347 3857 1448 3922 δικαία

332 3958 393 4016 τῶν
420 3952 579 4037 ἀρχόντων
604 3953 624 4034 ἡ
651 3952 766 4036 ἀδικία,
792 3955 1033 4039 τιμωρουμίνων
1056 3955 1076 4018 ἀ
1096 3957 1262 4041 πράττουσι
1283 3956 1335 4018 καὶ
1357 3957 1448 4018 κολα·

334 4049 448 4120 (όντων
476 4048 497 4110 ἀ
517 4039 672 4112 ποιοῦσιν·
709 4053 752 4118 ώς
774 4050 811 4113 ἀν
834 4051 954 4133 γένοιτο
979 4054 1111 4135 μάλιστα
1133 4054 1227 4136 δῆλον
1251 4053 1297 4118 ότι
1315 4073 1447 4136 παρανο·

282 4145 389 4224 θυμία
419 4145 612 4227 ἀτιμώρητος
640 4144 697 4208 οὑκ
725 4144 779 4212 ἔνι.
833 4147 966 4232 δρθύτης
995 4150 1050 4232 μὲν
1079 4151 1222 4212 δικαστοῦ
1252 4148 1367 4219 δόξειεν
1400 4148 1447 4225 ἀν,

334 4239 440 4321 ἐπειδή
470 4261 498 4300 τι
526 4242 569 4323 μὴ
600 4244 726 4325 πράττει
752 4242 864 4320 κακόν,
893 4245 965 4314 τοθς
979 4250 1156 4315 ποιοῦντας
1176 4248 1334 4318 κολάζειν·
1371 4248 1398 4310 εἰ
1420 4248 1447 4312 δ’

333 4333 426 4402 αὐτὸς
454 4336 470 4398 ὑ
499 4337 630 4408 δικάζων
657 4341 718 4402 τῶν
748 4361 784 4419 γε
810 4339 959 4404 τοιούτων
980 4341 1198 4428 ἀπαρχόμενος
1219 4342 1291 4412 τοὺς
1309 4343 1347 4406 τὰ
1369 4343 1448 4408 αύτά
1474 4411 1481 4422 ,

332 4428 489 4510 μετιόντας
503 4434 631 4504 κολάζει
645 4436 696 4498 καὶ
708 4436 840 4518 μάλιστα
860 4438 1093 4524 δαψιλέστερον,
1114 4443 1157 4507 ώς
1175 4437 1211 4502 ἂν
1230 4440 1334 4504 πείθοι
1351 4441 1447 4524 μηδὲν

333 4521 426 4594 αὑτὸς
438 4532 559 4612 φαῦλον
582 4531 831 4616 διαπράττεσθαι,
852 4532 991 4618 ἄντικρυς
1011 4539 1141 4619 κρατοῦν
1163 4536 1214 4600 καὶ
1228 4537 1297 4600 λίαν
1313 4538 1448 4623 φοβερὸν
