3517 5434
849 685 908 746 10⁵
1326 693 1437 772 Γρῃγόρ.

322 848 469 934 θεότῃτος
487 850 540 913 καὶ
562 847 666 928 αδτόν,
687 851 738 915 καὶ
759 849 819 938 οδχ
841 853 885 921 ὥς
904 848 1090 935 γεννηθέντα
1113 849 1148 915 έκ
1167 847 1324 936 θιότῃτος,
1346 850 1436 936 ἠρνή·

323 968 398 1010 σατο
419 947 471 1010 τδν
495 945 597 1030 λόγον,
619 950 772 1035 ήρνήσατο
793 949 846 1033 τὴν
869 949 993 1036 σοφίαν,
1013 947 1157 1012 ἀπώλεσε
1178 949 1230 1033 τὴν
1251 953 1361 1033 γνῶσιν
1382 949 1436 1032 τὴν

321 1045 391 1130 περὶ
412 1044 499 1124 θεοῦ,
520 1044 688 1110 κατέπεσεν
710 1046 753 1116 είς
770 1047 805 1111 τδ
826 1045 927 1130 σέβειν
949 1045 1001 1128 τὴν
1022 1043 1125 1125 κτίσιν,
1143 1045 1311 1132 κατέλαβεν
1325 1042 1436 1130 Ἑλλή·

244 1197 251 1208 ,
321 1164 382 1207 νων
406 1141 562 1229 ἀσέβειαν,
585 1142 635 1206 έπί
656 1143 767 1228 ταύτην
791 1143 1000 1229 ὑπέστρεψεν,
1028 1142 1081 1226 τὴν
1107 1141 1267 1207 Ἰουδαίων
1299 1143 1437 1208 ἀπιστίαν

322 1240 505 1328 έμιμήσατο,
527 1242 558 1305 οἳ
576 1242 628 1304 τὸν
649 1240 684 1304 έκ
702 1241 779 1306 θεοῦ
797 1242 888 1325 λόγον
908 1243 973 1306 οίδν
994 1240 1185 1325 ἀνθρώπινον
1204 1241 1435 1327 ῦπολαμβάνον-
1454 1254 1471 1308 θ

321 1362 370 1410 τες
397 1339 471 1402 θεὸν
499 1337 578 1402 εῖναι
601 1342 708 1402 τοῦτον
738 1339 794 1403 οδκ
818 1339 998 1404 ἐπίστευσαν
1024 1337 1099 1402 οῦδὲ
1124 1337 1200 1402 θεοῦ
1227 1339 1291 1402 υίδν
1316 1338 1437 1422 άομολό-

320 1458 435 1522 γῃσαν·
459 1435 572 1521 ἀσεβές
593 1435 630 1500 δέ
652 1438 703 1524 τόν
725 1442 780 1502 τοῦ
803 1436 880 1501 θεοῦ
903 1437 993 1521 λόγον
1018 1439 1060 1506 ίυς
1079 1436 1271 1522 ἀνθρώπινον
1288 1440 1368 1500 νοεῖν
1386 1437 1438 1500 καί

321 1534 359 1600 τδ
382 1532 516 1618 ἔργατὰ
539 1533 578 1597 δι’
602 1531 698 1596 αὐτοῦ
721 1535 863 1618 μένοντα,
887 1535 927 1619 μὴ
954 1533 1098 1619 μένοντος
1121 1533 1227 1600 αὐτοῦ.
1262 1533 1314 1598 ἐὰν
1338 1532 1373 1598 δέ
1395 1557 1439 1604 τις

322 1632 394 1718 εῖπῃ
429 1630 634 1716 κελευόμενον
667 1631 718 1696 διὰ
750 1636 805 1696 τοῦ
837 1631 930 1715 λόγου
959 1631 1010 1694 τδν
1041 1633 1163 1719 χριστὸν
1194 1630 1377 1716 ἐργάζεσθαι
1401 1629 1438 1696 τά

320 1732 430 1808 πάντα,
447 1730 498 1792 καὶ
517 1731 569 1793 τδν
586 1733 642 1793 τοῦ
659 1729 737 1794 θεοῦ
757 1728 849 1812 λόγον
869 1729 962 1814 ἀργδν
983 1729 1106 1814 ποιήσει
1121 1730 1172 1793 καλ
1187 1729 1240 1812 τλγν
1256 1733 1311 1794 τοῦ
1328 1727 1435 1794 δεσπό-
1456 1740 1489 1794 10

320 1849 376 1892 του
399 1826 479 1898 τάξιν
501 1827 546 1896 είς
567 1825 710 1891 δουλείαν
732 1825 916 1912 μεταθήσει·
943 1826 1055 1890 δοῦλον
1074 1825 1132 1912 γὰρ
1156 1827 1236 1891 ἁπαν
1259 1827 1292 1891 τδ
1314 1825 1437 1892 κελευό-

323 1949 413 2012 μενον
441 1926 492 1990 καὶ
523 1925 558 1988 τδ
588 1925 707 1990 κτιστδν·
737 1923 798 2010 οὐχ
828 1924 931 1989 ίκανδν
959 1923 1003 1993 είς
1024 1925 1058 1988 τδ
1080 1925 1206 1998 κτίζειν·
1241 1922 1278 1987 οδ
1301 1923 1358 2008 γάρ
1383 1922 1437 1994 352-

322 2023 499 2108 σωθήσεται
525 2029 570 2110 τιγῖ
596 2023 729 2087 κτίσαντι
758 2021 833 2086 αδτδ
861 2021 928 2086 κατ’
958 2021 1072 2088 οὐδένα
1095 2022 1226 2106 τρόπον,
1257 2019 1296 2084 ἵν’
1322 2024 1365 2090 ὥς
1386 2021 1435 2084 ὑπ’

322 2121 441 2186 ἐκείνου
463 2119 605 2198 ἔκτισται,
626 2121 708 2185 οῦτω
730 2122 782 2184 καὶ
805 2118 880 2184 αδτδ
904 2120 990 2205 κτίσῃ
1013 2119 1051 2184 τά
1073 2119 1163 2185 ἁλλα.
1197 2122 1286 2184 πάλιν
1308 2119 1343 2184 δὲ
1366 2118 1437 2184 όταν

321 2220 372 2283 καὶ
391 2220 426 2283 τδ
447 2223 569 2303 πνεῦμα
589 2220 623 2282 τδ
647 2219 734 2301 ἁγιον
758 2217 830 2303 είπῃ
852 2239 897 2286 τις
918 2217 1104 2302 ἡγιασμένον
1128 2216 1206 2282 εῖναι
1225 2219 1361 2303 ποίῃμα,
1387 2215 1436 2281 οῦ·
1456 2227 1489 2280 λθ

321 2315 385 2382 κέτι
404 2315 442 2380 τά
463 2317 563 2380 πάντα
584 2317 745 2400 δυνήσεται
766 2322 848 2381 νοεῖν
872 2317 904 2380 έν
926 2315 1075 2401 πνεόματι
1094 2315 1292 2403 ἁγιαζόμενα.
1340 2316 1357 2380 ό
1379 2313 1437 2400 γάρ

321 2413 354 2478 έν
378 2415 507 2498 ἁγιάσας
528 2413 647 2496 ἁγιάζει
667 2413 719 2477 καὶ
741 2412 779 2476 τά
799 2415 909 2478 πάντα.
956 2414 1093 2500 ἀρνεῖται
1116 2411 1169 2478 οῦν
1192 2414 1245 2499 τὴν
1270 2418 1324 2499 τῆς
1347 2414 1437 2496 ἁγιω-

322 2512 414 2597 σόνης
434 2512 546 2596 πῃγήν,
564 2512 599 2575 τδ
619 2515 742 2594 πνεῦμα
759 2512 794 2576 τδ
815 2511 912 2596 ἁγιον,
934 2515 950 2579 ό
972 2514 1112 2600 ἀφαιρῶν
1135 2512 1231 2577 αὐτοῦ
1243 2515 1278 2578 τὸ
1293 2511 1438 2595 ἁγιάζειν,

320 2610 371 2675 καλ
393 2608 589 2693 συναριθμεῖν
614 2606 690 2672 σῦτδ
713 2610 804 2694 πατρί
822 2612 873 2676 καὶ
897 2612 956 2698 υίιγῖ
976 2610 1203 2695 κωλυθήσεται.
1235 2611 1336 2675 καὶτὸ
1352 2610 1437 2693 άγισν

322 2709 357 2772 δέ
385 2708 541 2794 βάπτισμα
570 2704 678 2768 ἀθετεῖ
701 2706 753 2769 καὶ
781 2706 884 2772 υδκέτι
911 2709 1020 2793 τριάδα
1050 2708 1238 2793 ὁμολογήσει
1267 2708 1321 2791 τήν
1349 2706 1436 2791 ἁγίαν
1453 2717 1489 2772 θ]
1621 2677 1622 2686 ¹

321 2805 372 2870 καὶ
400 2803 575 2890 σεβάσμιον.
618 2800 721 2886 ἢγὰρ
745 2801 777 2864 έν
801 2811 918 2888 φυσικῇ
949 2804 1023 2889 δόξῃ
1056 2804 1107 2867 καὶ
1129 2803 1265 2888 ἀληθινῇ
1286 2805 1339 2888 τήν
1363 2803 1437 2888 όλῃν

320 2902 429 2990 τριάδα
458 2895 585 2982 νοῃτέον
607 2898 627 2983 ἢ
651 2899 772 2983 μονάδα
796 2900 847 2963 καὶ
870 2898 973 2964 οῦκέτι
993 2901 1101 2984 τριάδα
1124 2901 1222 2985 λέγειν
1246 2900 1438 2984 ἀναγκασθη-

323 2998 444 3083 σόμεθα
468 2997 488 3082 ἢ
511 2996 552 3081 μὴ
576 2995 774 3081 συναριθμεῖν
799 3001 845 3081 τῷ
864 2997 967 3082 κτίστῃ
992 2995 1030 3061 τὰ
1051 2997 1154 3062 κτιστδ
1177 2999 1336 3083 ποιήματα
1359 2997 1438 3082 μῃδὲ

321 3103 366 3184 τῷ
385 3093 519 3178 δεσπότῃ
540 3099 601 3158 τιῖιν
626 3094 708 3159 δλων
730 3093 768 3159 τὰ
787 3093 936 3178 κτίσματα
957 3094 1037 3179 μηδὲ
1059 3098 1103 3180 τιγῖ
1122 3094 1277 3178 ἁγιάζοντι
1295 3094 1333 3159 τό
1355 3095 1437 3178 ἁγια·

323 3195 446 3279 ζόμενα,
465 3191 540 3280 [δέ]
560 3194 665 3279 ὥσπερ
687 3193 763 3258 οδδέ
781 3197 821 3277 πή
839 3189 938 3275 τριάδι
952 3191 1185 3276 συναριθμεῖτσί
1195 3215 1222 3256 τι
1233 3196 1293 3255 τῶν
1305 3193 1436 3276 ποιῃμά-
1453 3201 1488 3256 θό

321 3313 394 3370 των,
417 3290 489 3356 ἀλλ’
512 3289 562 3354 ἐπ’
586 3289 714 3376 ὀνόματι
732 3294 786 3375 τῆς
808 3289 896 3372 ἁγίας
914 3289 1037 3372 τριάδος
1056 3288 1090 3352 τδ
1115 3287 1268 3374 βάπτισμα
1279 3289 1362 3373 καλή
1377 3289 1437 3353 έπί·

321 3391 428 3475 κλῃσις
451 3389 542 3474 καλή
566 3389 702 3475 λατρεία.
748 3388 776 3453 εί
798 3386 855 3472 γάρ
874 3391 956 3470 τρεῖς
974 3385 1006 3449 αἱ
1028 3384 1125 3463 δόξαν,
1147 3389 1227 3470 τρεῖς
1248 3387 1280 3450 αἱ
1300 3387 1439 3471 λατρεῖαι

322 3487 513 3573 γενέσθωσαν
536 3487 622 3573 παρά
643 3490 707 3556 τοῖς
728 3486 851 3573 ἀσεβῶς
872 3483 1073 3568 τὰκτίσματα
1088 3481 1271 3570 σέβουσι[ν]·
1294 3483 1322 3548 εἰ
1335 3485 1438 3569 διῃρη-

324 3586 401 3672 μένα
427 3583 465 3648 τδ
492 3590 546 3668 τῆς
567 3583 838 3670 προσκυνουμένῃς
857 3581 1001 3668 φόσεωςι
1035 3580 1207 3667 διῃρημένα
1228 3583 1280 3646 καί
1300 3581 1365 3666 [τὰ]
1386 3586 1439 3666 τῆς

321 3683 560 3769 προσκυνήσεως
589 3681 669 3747 ἔστω
693 3681 768 3766 παρ’
795 3679 915 3759 αὐτοῖς,
946 3679 1015 3744 ἀλλ’
1038 3678 1113 3744 οῦδὲ
1135 3679 1212 3766 μετὰ
1232 3684 1286 3745 τοῦ
1310 3679 1435 3745 αἰωνίου
1453 3687 1489 3746 w

322 3781 360 3846 τά
377 3779 545 3866 πρόσφατα
562 3777 860 3862 προσκυνῃθήσεται.
903 3777 1082 3864 πρόσφατον
1102 3777 1159 3865 γάρ
1182 3778 1262 3842 ἁπαν
1282 3779 1317 3842 τδ
1338 3778 1437 3864 ἀρχὴν

323 3876 461 3965 είλῃφός,
483 3875 590 3959 ἐπειδὴ
610 3873 707 3942 πολδς
725 3875 778 3938 καί
797 3873 930 3960 ἁμετρος
950 3876 1038 3962 όπρδ
1053 3880 1113 3941 τῶν
1128 3877 1249 3942 αἰώνων
1269 3881 1292 3959 [.
1306 3923 1315 3941 .
1328 3924 1336 3941 .
1350 3881 1384 3959 .].
1420 3877 1437 3942 ό

322 3977 421 4042 τοίνυν
446 3975 544 4061 ἀρχήν
568 3993 635 4037 τινα
656 3969 777 4057 χρόνων
799 3975 854 4055 τῆς
874 3977 930 4037 τοῦ
954 3973 1022 4036 οίοῦ
1043 3977 1126 4058 ζωῆς
1144 3973 1196 4037 καὶ
1211 3978 1332 4059 τήςτοῦ
1349 3974 1437 4058 ἁγίου

322 4074 496 4159 πνεύματος
518 4068 738 4154 ὑποτιθέμενος
758 4070 886 4154 χωρίζει
909 4070 986 4134 κατὰ
1006 4070 1116 4136 ταῦτδν
1139 4075 1192 4154 τῆς
1215 4071 1292 4156 μετὰ
1310 4075 1365 4136 τοῦ
1382 4093 1438 4136 πα·

323 4174 393 4258 τρδς
418 4169 673 4256 ουναριθμήσεως
700 4170 752 4234 τδν
776 4167 841 4231 υίδν
862 4169 914 4232 καί
936 4169 969 4232 τδ
992 4172 1123 4252 πνεῦμα.
1168 4169 1219 4232 δεῖ
1239 4171 1308 4256 γάρ,
1332 4171 1436 4254 ὥσπερ
1454 4181 1489 4238 θό

211 4285 216 4292 ·
325 4270 395 4354 μίαν
423 4269 477 4353 τὴν
504 4266 595 4338 δόξαν
618 4268 851 4352 ὁμολογοῦμεν,
883 4265 981 4334 οῦτως
1001 4265 1051 4330 καὶ
1074 4267 1144 4351 μίαν
1167 4267 1220 4350 τὴν
1241 4267 1347 4331 οδσίαν
1370 4264 1439 4350 ἤτοι

323 4366 457 4451 θεότῃτα
478 4367 529 4430 καὶ
550 4366 620 4450 μίαν
639 4366 693 4449 τὴν
715 4364 892 4450 ἀειδιότῃτα
912 4366 966 4445 τῆς
986 4363 1108 4447 τριάδος
1129 4365 1302 4448 ὁμολογεῖν.
1345 4361 1438 4448 κεφά-

324 4466 410 4528 λαιον
431 4464 468 4528 δέ
489 4468 543 4547 τῆς
564 4463 717 4548 σωτηρίας
731 4464 820 4548 ἡμῶν
839 4463 860 4546 ἡ
876 4465 931 4525 τοῦ
949 4459 1043 4543 λόγου
1061 4461 1220 4546 σὰρκωσις.
1254 4457 1438 4544 πιστεόομεν

324 4558 378 4626 οὖν
398 4561 611 4626 ἀναλλοιιίιτου
634 4560 787 4646 μενοόσης
807 4563 860 4644 τῆς
873 4557 1022 4644 θεότῃτος
1035 4560 1088 4645 τὴν
1106 4559 1257 4645 σάρκωσιν
1273 4555 1437 4641 τοῦλόγου
