3517 5434
286 657 383 714 Ἰυόλ-
820 647 879 708 124

294 814 448 897 ρόνσαντες
467 813 519 876 τδν
537 811 610 875 θεδν
628 811 838 897 ἐσταύρωσαν,
857 814 908 876 καὶ
931 813 1061 897 οὐδεμία
1084 813 1229 898 διαίρεσις
1247 817 1302 878 τοῦ
1315 813 1409 896 λόγου

293 911 344 974 καὶ
368 914 421 992 τῆς
445 910 558 994 σαρκὸς
581 908 676 975 αὐτοῦ
701 909 731 973 ἑν
752 914 819 980 ταῖς
837 911 935 980 θείαις
955 911 1144 996 προφέρεται
1165 914 1314 996 γραφαῖς,
1339 909 1408 974 ἀλλ’

295 1007 357 1072 ἐστὶ
389 1008 443 1091 μία
473 1005 578 1093 φόσιτ,
612 1008 666 1091 μία
694 1007 875 1084 ὑπόστασις,
908 1008 961 1091 μία
990 1007 1144 1093 ἐνέργεια,
1177 1007 1209 1072 ἓν
1232 1007 1410 1092 πρόσωπον,

293 1105 367 1174 όλος
393 1104 482 1182 θεός,
514 1103 586 1173 όλος
615 1103 780 1189 ἄνθρωπος
811 1107 827 1169 ό
855 1103 958 1172 αὐτός.
1001 1103 1091 1167 οδσία
1120 1105 1176 1191 γὰρ
1208 1104 1303 1168 αὐτοῦ
1326 1105 1410 1170 ,κατὰ

259 1204 351 1286 όμὲν
378 1205 413 1268 τδ
441 1201 573 1286 ἀόρατον
600 1203 619 1284 ἡ
649 1201 776 1286 θεότης,
806 1202 885 1266 κατὰ
914 1201 948 1264 δὲ
976 1203 1010 1264 τδ
1035 1203 1145 1287 όρατὸν
1169 1204 1189 1285 ἡ
1213 1203 1296 1286 σσίρξ.
1339 1201 1410 1266 οὔτε

294 1299 347 1363 οὖν
368 1299 573 1386 ἠλλοτρίωται
596 1298 668 1362 οὔτε
691 1298 871 1384 μεμέρισται
890 1303 944 1382 τῆς
965 1299 1054 1368 θείας
1073 1299 1196 1382 τριάδος
1216 1300 1235 1382 ἡ
1260 1301 1411 1384 σάρκωσις

292 1404 346 1462 τοῦ
375 1398 483 1482 κυρίου
512 1397 601 1478 ἡμῶν
626 1395 730 1480 Ἰησοῦ
760 1401 897 1481 χριστοῦ.
948 1395 1077 1480 καὶγὰρ
1101 1388 1133 1457 ἐν
1155 1401 1194 1480 τη
1215 1401 1268 1480 τῆς
1290 1399 1412 1481 τριάδος

294 1494 493 1579 ἐξαριθμῆσαι
514 1491 576 1577 ἔφη
595 1494 629 1555 τδ
653 1495 807 1580 βάπτισμα
828 1495 861 1557 τδ
880 1493 924 1562 εἰς
940 1493 1049 1579 ἄφεσιν
1065 1494 1221 1578 ἁμαρτιῶν
1234 1495 1286 1558 καὶ
1300 1497 1411 1578 σαρκὸς

293 1592 457 1656 ἀνάστασιν
484 1589 665 1674 διδόμενον,
695 1591 772 1675 όπερ
795 1592 858 1654 ἐστὶ
879 1590 1028 1676 θεότητος
1050 1589 1139 1675 ἔργον
1160 1593 1212 1656 καί
1234 1590 1271 1655 οὐ
1293 1597 1411 1674 κτιστῆτ

244 1700 278 1754 1⁰
296 1688 428 1773 φύσεως.
471 1688 503 1752 ἓν
527 1687 585 1773 γὰρ
607 1689 658 1751 καὶ
679 1688 788 1754 ταύτόν
808 1690 842 1751 τό
866 1693 958 1772 σῶμα
977 1690 1027 1752 καὶ
1052 1689 1068 1752 ό
1089 1687 1173 1767 θεός,
1196 1687 1232 1752 οὔ
1253 1690 1287 1752 τδ
1310 1693 1410 1772 σῶμα,

295 1788 332 1850 οδ
363 1786 608 1871 μεταβληθείσης
636 1791 690 1869 τῆς
721 1787 833 1870 σαρκὸς
863 1787 906 1854 εἰς
928 1788 961 1851 τδ
985 1787 1161 1870 ἀσώματον,
1185 1785 1253 1850 ἀλλ’
1279 1786 1411 1871 ἐχοόσης

293 1885 344 1948 καλ
369 1885 403 1947 τὸ
433 1881 510 1947 ίδιον
537 1885 571 1947 τὸ
597 1884 629 1953 ἐξ
656 1885 745 1966 ἡμῶν
775 1883 853 1947 κατὰ
883 1885 935 1967 τὴν
962 1885 996 1948 ἐν
1019 1883 1176 1967 παρθένου
1197 1883 1335 1968 γέννησιν
1360 1885 1410 1947 καὶ

293 1984 326 2046 τό
350 1982 426 2065 ὑπὲρ
447 1982 531 2065 ἡμᾶς
550 1981 628 2045 κατὰ
649 1982 703 2064 τὴν
724 1986 778 2044 τοῦ
800 1981 876 2044 θεοῦ
901 1980 994 2064 λόγου
1019 1980 1180 2066 σύγκρασιν
1202 1982 1271 2067 ἤτοι
1290 1982 1409 2044 ἕνωσιν.

530 2830 572 2892 θό,
592 2829 626 2881 18
648 2825 842 2900 ἐμπαγήσισθαι

450 2969 454 2974 ,
530 2911 572 2976 50,
592 2912 625 2964 10
646 2919 707 2978 post
726 2909 837 2982 ὁρίζεται
857 2914 957 2977 virgula
974 2915 1096 2978 ponenda
1115 2920 1155 2963 σοι

532 2992 609 3057 526
633 3001 693 3060 pout
713 2989 895 3046 ἐπαισθάνεται
916 2995 978 3044 item

531 3075 573 3137 59,
591 3073 626 3126 26
647 3083 709 3142 post
727 3073 797 3126 ιιαλό
816 3076 878 3126 item

531 3155 573 3220 60,
591 3155 625 3207 m
646 3151 780 3208 θάλατταν

530 3236 572 3305 77,
591 3234 623 3287 16
645 3231 756 3305 μυθώδη

529 3317 606 3381 89,4
628 3315 724 3388 ιιαρδίιρ
