3517 5434
861 656 885 718 θ
1261 673 1289 724 Α
1308 669 1433 727 15-17.

319 822 426 910 φθορὰ
446 823 498 886 καὶ
520 823 579 888 οὐκ
601 823 638 888 ἂν
661 822 710 906 είη
731 821 824 887 οὐσία
846 822 975 906 φθορᾶς.
1037 817 1084 894 10.
1114 820 1187 886 όταν
1209 821 1313 905 μέντοι
1335 825 1434 890 τοισό-

316 944 378 986 των
402 920 541 985 ἀκοόωσι
562 920 663 1005 λόγων
687 921 717 983 οί
740 919 775 982 ἐκ
795 923 850 982 τοῦ
873 917 1020 1002 μανέντας
1032 920 1220 1004 ὁρμώμενοι,
1247 921 1436 1006 ἀποροῦντες

319 1019 421 1084 Πόθεν
450 1016 503 1081 οῦν
526 1019 640 1104 (φασί)
670 1017 708 1082 τὰ
740 1018 835 1092 κακάς
864 1015 962 1079 πόθεν
991 1016 1025 1078 δέ
1054 1014 1239 1099 (λέγουσιν)
1266 1019 1286 1100 ή
1311 1018 1343 1081 ἐν
1372 1023 1436 1088 τοῖς

316 1118 491 1202 πράγμασιν
514 1116 726 1201 ἐμφαινομένη
748 1114 873 1190 ἀταξίας
895 1113 976 1176 ἀλλὰ
998 1114 1146 1182 πολλάκις
1169 1114 1224 1197 μέν
1248 1114 1366 1201 εἴρηται
1389 1116 1435 1180 ότι

317 1215 357 1278 δι’
380 1213 505 1297 ἄγνοιαν
534 1217 589 1298 τῆς
614 1218 674 1276 τῶν
695 1213 884 1298 πραγμάτων
909 1209 1081 1279 διαθέσεως
1100 1211 1151 1274 καὶ
1175 1216 1229 1295 τῆς
1251 1214 1339 1282 θείας
1360 1215 1468 1277 διοι-ίν

316 1313 439 1396 κήσεως
462 1315 573 1394 γνῶσιν
606 1310 802 1396 ἐσφαλμένην
832 1310 883 1372 καὶ
919 1308 1103 1395 βλάσφημον
1132 1309 1254 1380 ἑαυτοῖς
1282 1311 1435 1396 ἐπραγμα-

318 1411 484 1490 τεόσαντο,
514 1408 554 1472 δι’
580 1407 704 1492 ἄγνοιαν
733 1409 776 1471 ὦν
796 1413 911 1491 γνῶναι
935 1404 1055 1484 ἔδοξαν,
1087 1405 1231 1492 ἃχεῖρον
1255 1406 1391 1492 ἔγνωσαν
1414 1409 1434 1493 ῆ

318 1506 462 1593 ήγνόυυν,
484 1507 536 1570 καὶ
557 1506 574 1571 δ
596 1507 723 1590 ἐζήτουν
745 1504 955 1590 ἀληθέστερον
982 1503 1190 1573 ἀπολέσαντες
1212 1506 1231 1590 ῆ
1254 1507 1323 1591 πρὶν
1348 1509 1434 1590 ζητῆ-

320 1626 391 1667 σαι·
418 1605 436 1668 ό
467 1604 503 1666 δέ
524 1603 616 1686 λόγος
635 1603 714 1668 κατὰ
735 1605 841 1687 καιρόν
864 1603 919 1686 μὲν
940 1603 991 1664 καὶ
1013 1601 1066 1684 τὴν
1089 1602 1165 1687 παρ’
1191 1603 1296 1674 αὐτοῖς
1315 1608 1434 1687 νομιζο-

320 1701 414 1786 μένην
447 1704 508 1764 τῶν
540 1701 726 1785 πραγμάτων
760 1699 894 1777 ἀταξίαν,
911 1699 1050 1770 εὐταξίαν
1080 1700 1132 1782 τὴν
1161 1701 1327 1777 ἀνωτάτω,
1356 1702 1433 1764 θεοῦ
1454 1703 1487 1756 ίθ

318 1800 519 1886 παρέχοντος,
548 1798 705 1869 ἀποδείξει
730 1799 783 1862 καλ
802 1797 840 1860 τά
861 1795 1015 1878 λεγόμενα
1045 1797 1123 1888 πρὸς
1151 1796 1252 1862 αὐτῶν
1281 1799 1361 1864 κακὰ
1400 1797 1438 1862 τά

320 1899 376 1982 μέν
399 1902 442 1966 ὡς
468 1895 664 1982 πραττόμενα
687 1895 798 1980 μόνον,
827 1893 865 1956 τά
892 1892 927 1954 δέ
954 1893 1020 1955 κατ’
1046 1891 1152 1956 οὐσίαν
1181 1894 1292 1977 ήκιστά
1309 1917 1344 1977 γε
1364 1893 1437 1959 όντα

319 1995 400 2060 κακὰ
419 1995 521 2065 δείξει.
580 1992 623 2066 17,
662 1991 700 2078 ῆν
721 1994 780 2076 γάρ
804 2013 881 2054 ποτε
902 1991 1024 2075 (φησίν)
1046 1990 1097 2056 ότε
1118 1992 1138 2074 ή
1163 1991 1220 2075 όλη
1242 1993 1366 2076 ήτάκτει
1386 1993 1438 2058 καὶ

320 2093 428 2177 ἐγέννα
449 2093 501 2157 καλ
530 2091 679 2176 ηὐξάνετο
711 2092 762 2165 καὶ
790 2087 920 2152 διετέλει
949 2088 1068 2158 πολλός
1086 2087 1326 2173 προβαλλομένη
1349 2089 1466 2158 δυνά.

322 2213 403 2276 ρεις·
443 2189 614 2273 αὐξηθεῖσα
643 2189 743 2253 τοίνυν
770 2188 917 2271 ἀνήγετο,
947 2185 1004 2250 οὐκ
1029 2187 1130 2250 εἰδυῖα
1158 2191 1212 2250 τοῦ
1242 2187 1363 2270 ἀγαθοῦ
1383 2187 1436 2269 τήν
1457 2189 1489 2242 ίό
1540 2262 1547 2272 ·

320 2287 463 2372 όπαρξιν·
491 2291 535 2356 ὡς
564 2289 600 2352 δέ
621 2287 672 2351 ἐπὶ
696 2284 791 2350 πλέον
822 2285 997 2370 ἀναχθεῖσα
1027 2283 1091 2348 εἶδε
1119 2284 1172 2368 τήν
1195 2288 1250 2367 γῆν
1272 2305 1306 2347 τε
1331 2285 1382 2348 καλ
1403 2287 1438 2349 τὸ

320 2390 388 2472 φιῖις
411 2389 466 2448 τοῦ
487 2383 627 2468 ἀγαθοῦ,
648 2384 789 2470 ἐπιβῆναι
810 2386 874 2452 τοῖς
896 2385 937 2468 μή
960 2383 1047 2452 ἰδίοις
1071 2381 1230 2467 ἐπιχειρεῖ.
1270 2383 1286 2446 ό
1310 2383 1346 2446 δέ
1366 2381 1438 2465 ἀγα-

319 2483 376 2552 θδς
395 2482 523 2567 δόναμιν
545 2480 731 2544 ἀποστέλλει
751 2479 830 2562 τινά,
853 2477 875 2567 ή
899 2483 951 2546 καί
973 2480 1072 2564 ὄνομα
1092 2481 1127 2544 τδ
1151 2478 1243 2550 δόξαν
1268 2480 1353 2566 αὐτῷ
1376 2480 1437 2545 ἐπι·

318 2581 432 2664 τίθησι,
455 2580 654 2665 φυλάξουσαν
675 2580 730 2664 μέν
751 2579 850 2664 δῆθεν
866 2579 939 2648 τούς
960 2579 1062 2665 ὅρους,
1085 2579 1119 2641 τὸ
1140 2578 1170 2641 δ’
1191 2579 1308 2663 ἀληθὲς
1325 2577 1437 2662 δέλεαρ

321 2677 471 2761 ἐσομένην
497 2680 542 2748 είς
562 2676 707 2742 ἀκοόσιον
731 2683 771 2762 τῆ
793 2678 853 2762 όλη
876 2675 1108 2762 σωφρονισμόν·
1135 2675 1151 2739 θ
1174 2675 1211 2758 δὴ
1232 2677 1282 2740 καὶ
1302 2675 1437 2759 γέγονεν.
1454 2677 1489 2732 θλ

319 2773 498 2858 θεασαμένη
521 2775 578 2859 γὰρ
601 2776 621 2858 ή
647 2775 705 2858 όλη
726 2776 780 2859 τῆν
803 2775 1030 2838 ἀποσταλεῖσαν
1054 2772 1192 2857 δύναμιν,
1214 2774 1438 2858 προσεκίσσησε
1481 2854 1487 2865 .

320 2871 376 2955 μέν
405 2875 449 2939 όις
476 2871 662 2956 ἐρασθεῖσα,
697 2874 782 2956 όρμῆ
806 2872 842 2934 δέ
863 2870 982 2934 πλείονι
1005 2871 1147 2956 λαβοῦσα
1174 2869 1286 2954 ταύτην
1314 2868 1439 2934 κατέπιε

319 2970 371 3031 καὶ
394 2967 489 3051 ἐδέθη
508 2968 621 3053 τρόπον
643 2968 708 3032 τινὰ
731 2970 836 3051 ὥσπερ
856 2967 975 3051 θηρίον.
1023 2965 1189 3051 κέχρηνται
1207 2966 1264 3051 γάρ
1284 2967 1335 3030 καὶ
1358 2969 1439 3052 τῷδε

319 3071 363 3150 τιγῖ
392 3066 613 3150 ὑποδείγματι,
645 3070 688 3136 ὡς
712 3065 752 3129 δι’
785 3066 908 3151 ἐπῳδῆς
942 3068 996 3147 τῆς
1027 3063 1253 3148 ἀποσταλείσης
1278 3065 1439 3150 δυνάμεως

320 3164 494 3249 ἐκοιμίσθη.
547 3163 654 3248 γέγονε
679 3164 779 3227 τοίνυν
811 3163 889 3246 μίξις
910 3163 961 3232 καὶ
988 3167 1094 3247 κρᾶσις
1114 3165 1221 3226 τοῦτον
1243 3164 1354 3248 (φησί)
1382 3165 1434 3228 τδν
1452 3167 1488 3224 95

319 3262 433 3348 τρόπον
455 3267 510 3346 τῆς
528 3285 562 3326 τε
582 3261 810 3344 καταποθείσης
825 3262 987 3343 δυνάμεως
1005 3262 1059 3321 τοῦ
1075 3259 1194 3341 ἀγαθοῦ
1215 3263 1332 3345 καὶτῆς
1348 3285 1438 3326 κατα·

319 3362 451 3445 πιοόσης
472 3362 558 3445 ῦλης,
580 3360 631 3424 καὶ
651 3359 752 3428 οῦτως
772 3359 805 3429 ἐξ
825 3359 942 3444 ἀμφοῖν
968 3357 1198 3442 ἐδημιουργήθη
1221 3358 1347 3424 τόδετὸ
1367 3364 1438 3438 πᾶν,

322 3461 381 3523 ὐπὸ
405 3463 459 3522 τοῦ
483 3458 605 3542 ἀγαθοῦ
630 3457 766 3541 δηλαδή·
793 3454 831 3519 οὐ
861 3457 920 3541 γὰρ
953 3454 989 3520 ἂν
1018 3453 1208 3539 προύνόησεν
1230 3457 1250 3540 ῆ
1273 3458 1364 3522 κακία
1389 3457 1438 3522 κό-

321 3577 401 3640 σμου
420 3555 580 3638 γενέσεως.
609 3555 749 3619 ἐντεῦθεν
772 3555 810 3640 δή
829 3555 941 3640 (φασί)
960 3553 998 3618 τὰ
1022 3554 1077 3638 μέν
1099 3553 1212 3636 ἀγαθὰ,
1231 3554 1269 3618 τὰ
1293 3557 1327 3620 δέ
1348 3557 1438 3635 κακά,

319 3659 374 3736 τῆς
394 3655 535 3737 κράσεως
557 3652 675 3736 ἐκείνης
700 3653 752 3716 καὶ
771 3656 826 3735 τῆς
854 3651 987 3716 συνόδου
1014 3655 1077 3716 τοῖν
1102 3653 1186 3715 δυοῖν
1209 3651 1259 3715 διό
1280 3657 1333 3737 τῆς
1353 3653 1435 3717 ἐναν-
1454 3659 1490 3717 w

320 3749 457 3833 πιότητος
479 3755 539 3811 τῶν
568 3750 642 3832 τῆδε
669 3750 856 3833 πραγμάτων
888 3749 1125 3835 ἐμφαινομένης.
1166 3748 1298 3834 όρίίεται
1326 3750 1360 3814 δέ
1384 3758 1437 3837 ψυ-

320 3847 379 3932 χήν
414 3846 468 3930 μέν
489 3844 611 3909 ἅπασαν
641 3845 719 3909 εἶναι
748 3849 802 3928 τῆς
834 3847 959 3930 μερίδος
984 3851 1038 3910 τοῦ
1061 3846 1193 3930 ἀγαθοῦ,
1217 3853 1307 3932 σῶμα
1329 3850 1364 3913 δέ
1386 3851 1438 3914 καὶ

320 3945 373 4028 τήν
394 3945 493 4028 σάρκα
517 3948 571 4028 τῆς
593 3943 678 4028 όλης,
699 3947 742 4027 πῆ
767 3944 822 4028 μὲν
846 3943 1039 4029 κατέχουσαν
1062 3941 1106 4014 ιύς
1129 3945 1160 4009 ἐν
1184 3947 1289 4032 εἱρκτῆ
1309 3948 1362 4031 τήν
1383 3952 1436 4032 ψυ·

320 4043 389 4127 χήν,
418 4046 461 4125 πῆ
489 4042 524 4105 δέ
552 4040 762 4126 κατεχομένην
793 4045 836 4110 ὡς
863 4042 972 4126 θηρίον
1001 4045 1078 4126 πρὸς
1099 4049 1153 4128 τῆς
1181 4045 1314 4130 ἐπῳδῆς.
1356 4047 1437 4110 οὕτω

321 4141 375 4223 μέν
401 4141 439 4224 δὴ
465 4139 673 4225 σοφισάμενος
700 4141 754 4224 τῆν
775 4141 850 4224 όλην
874 4141 890 4202 ό
915 4139 1032 4222 ἀγαθὸς
1055 4139 1173 4226 κόσμου
1195 4144 1307 4227 (φησί)
1328 4143 1436 4226 γέγονε
1453 4145 1487 4202 ³5

321 4237 524 4320 δημιουργός,
556 4235 613 4300 οὐκ
641 4237 848 4322 ἀντιποιηθείς
876 4261 912 4320 γε
938 4241 992 4300 τοῦ
1017 4239 1243 4324 δημιουργήσαι
1265 4240 1357 4304 αὐτόν
1373 4242 1437 4322 (ἀν

320 4333 460 4396 θίσταται
479 4334 537 4418 γάρ
560 4335 672 4421 αὐτῷ),
695 4336 776 4400 ἀλλά
796 4335 847 4399 διὰ
869 4337 922 4420 τῆν
947 4335 1150 4400 ἐπανάστασιν
1179 4341 1232 4420 τῆς
1254 4339 1371 4420 κακίας,
1399 4339 1436 4423 ἣν

322 4434 523 4515 σωφρονῆσαι
554 4434 711 4518 διενοήθη.
759 4433 796 4497 οὐ
825 4434 929 4518 μέντοι
954 4434 1061 4518 γέγονε
1088 4434 1217 4496 δυνατὸν
1249 4434 1361 4505 ἐξελεῖν
1385 4441 1440 4522 τῆς

318 4527 427 4597 κακίας
448 4532 508 4591 τῶν
531 4530 727 4616 φαινομένων
742 4532 929 4615 πραγμάτων
953 4532 1006 4594 τὸν
1031 4531 1088 4611 ίόν,
1120 4530 1249 4595 έπεσθαι
1272 4532 1307 4596 δέ
1329 4537 1436 4602 τοῦτον
