3517 5434
856 689 896 752 ⁰⁷
1308 701 1327 762 Γ
1350 704 1438 764 ι-ε.

324 855 400 939 πρδς
421 855 547 939 μείζονα
566 855 711 943 ἀσεβείας
725 857 821 940 όγκον,
833 857 973 943 ἐξαίρων,
995 858 1242 944 κακοηθέστερσν
1257 862 1439 946 ἑλληνισμδν

325 951 494 1035 ἐφηγεῖται,
518 953 564 1020 οίς
584 956 695 1039 σχεδὸν
715 956 792 1039 πρὸς
809 954 932 1018 ἅπασαν
955 955 1238 1041 συμπεριαγόμενυς
1256 960 1347 1044 φάσιν
1367 961 1439 1042 δμο-

324 1048 409 1133 δοΕίη
420 1053 523 1112 κακῶν
538 1051 590 1114 καὶ
603 1055 767 1137 σφαλερῶν
782 1051 975 1135 μαθημάτων
988 1052 1041 1136 τὴν
1056 1054 1234 1140 προσθήκην
1249 1060 1309 1120 τῶν
1326 1057 1439 1120 ἑαυτοῦ

322 1147 511 1230 πλασμάτων
534 1150 748 1235 παρεμβάλλει
774 1187 813 1197 -
833 1149 918 1234 παρά
940 1149 975 1212 δὲ
997 1156 1182 1235 χριστιανοῖς
1201 1152 1239 1215 τὰ
1258 1156 1439 1237 χριστιανῶν

324 1243 417 1326 δῆθεν
442 1247 552 1328 μετιὼν
573 1247 625 1309 καὶ
647 1245 826 1331 πιθανότητι
848 1245 1000 1329 ὀνόματός
1019 1269 1051 1310 τε
1074 1253 1199 1332 χριστοῦ
1221 1249 1272 1313 καί
1295 1249 1473 1333 ῥημάτων5

323 1345 376 1423 τῆς
394 1346 516 1426 γραφῆς
536 1343 699 1410 ἐπιεικείας
718 1342 852 1428 ἐμφάσει
872 1345 924 1406 τδν
946 1345 1000 1427 μὲν
1023 1343 1115 1407 λύκον
1136 1344 1226 1430 (ὅπερ
1240 1345 1333 1414 αὐτός
1346 1346 1440 1428 ἐστιν)

325 1436 450 1501 ἔνδοθεν
483 1439 621 1516 σκέπων,
652 1443 687 1504 τδ
718 1441 753 1503 δὲ
781 1441 894 1503 κώδιον
925 1438 1040 1510 ἔξωθεν
1067 1441 1310 1526 περιτιθέμενος,
1338 1443 1438 1529 ἀπάτη

325 1536 454 1621 ἀστέρος
475 1543 519 1624 τηῦ
539 1539 671 1625 ποιμνίῳ
691 1538 833 1621 γίγνεται,
855 1539 906 1601 καὶ
929 1539 1010 1602 ούτω
1033 1539 1070 1622 δὴ
1091 1537 1163 1608 τοῦς
1182 1538 1271 1622 ἧττον
1285 1538 1442 1626 ἔμφρονας

323 1635 530 1719 καταλάμπει.
554 1635 606 1697 καὶ
620 1634 656 1718 δή
670 1634 863 1719 προθέμενος
880 1637 1059 1720 καινοτάτην
1077 1635 1220 1721 ἀσέβειαν
1239 1635 1439 1722 ἐρανίσασθσι

296 1734 396 1816 ’παρ’
418 1733 538 1795 έαυτυῦ
567 1753 600 1793 τε
629 1733 679 1795 καλ
708 1733 781 1817 παρ’
812 1732 927 1808 ἄλλων,
960 1737 1002 1802 ῶς
1028 1733 1064 1796 ἀν
1093 1735 1200 1818 μηδεὶς
1226 1739 1286 1797 τῶν
1314 1737 1437 1820 χριστὸν
1459 1751 1490 1804 ιο

324 1829 541 1913 ἀπεγνωκότων
567 1828 718 1901 ἐξετάζειν
742 1833 815 1911 γοῦν
839 1829 1008 1914 ἐπιχειροίη
1030 1830 1083 1912 τήν
1104 1831 1267 1916 καινότητα
1286 1836 1346 1894 τῶν
1365 1834 1438 1916 ήροι·

322 1927 471 2012 νισμένων
494 1926 544 1989 ὑπ’
568 1925 664 1989 αὐτοῦ
682 1931 796 2000 κακῶν,
820 1928 1016 2011 παράκλητον
1038 1933 1204 2009 προσεῖπεν
1229 1929 1349 2009 ἑαυτόν,
1373 1928 1437 1992 δνό-

323 2047 419 2109 ματος
441 2026 500 2110 οῦχ
524 2024 599 2108 ὑπὲρ
619 2023 784 2109 ἄνθρωπον
805 2024 910 2107 μόνον,
934 2023 1014 2087 ἀλλὰ
1031 2025 1081 2086 καὶ
1096 2024 1171 2110 ὑπὲρ
1187 2026 1315 2110 ἄγγελον
1329 2029 1439 2112 χρήσει

322 2124 355 2186 τδ
379 2122 537 2204 ἀπατηλόν
561 2119 699 2202 σκέπων,
725 2121 772 2184 ίνα
795 2126 839 2206 τῷ
860 2122 1025 2207 ἀξιοπίστῳ
1048 2125 1102 2204 τῆς
1123 2125 1330 2208 προσηγορίας
1355 2125 1438 2186 ἀδια-

322 2221 431 2305 κρίτως
461 2220 490 2282 οἱ
516 2220 568 2283 καλ
592 2218 697 2288 ἄλλως
725 2219 851 2303 ἀνόητοι
877 2217 1030 2304 δέχωνται
1052 2219 1089 2282 τά
1112 2219 1274 2304 λεγόμενα.
1320 2218 1383 2283 ἔστι
1407 2221 1435 2283 δ’
1456 2237 1488 2291 15

323 2317 375 2380 ὅτε
403 2318 454 2380 καὶ
488 2320 531 2386 ῶς
562 2315 736 2386 ἀπόστολος
761 2314 864 2400 Ἰησοῦ
893 2321 1019 2402 χριστοῦ
1048 2317 1214 2403 βαρβάροις
1241 2321 1275 2382 τὸ
1304 2317 1391 2402 γένος
1420 2321 1436 2382 ό

323 2415 478 2501 βάρβαρος
503 2417 555 2479 καλ
580 2413 668 2499 γένος
693 2414 744 2477 καὶ
768 2415 968 2498 γνώμηντὴν
992 2414 1136 2500 ἀσέβειαν
1161 2414 1340 2478 ἐπιστέλλει.
1387 2415 1437 2479 καὶ

321 2513 390 2597 περὶ
413 2513 467 2596 μὲν
490 2514 607 2577 τούτων
631 2512 768 2595 ὕστερον.
811 2510 840 2587 2,
871 2515 932 2574 τῶν
957 2512 991 2574 δὲ
1013 2517 1140 2597 γραφῶν
1162 2515 1215 2584 τὰς
1234 2513 1288 2598 μὲν
1308 2514 1436 2576 παλαιο-

321 2609 412 2693 τέρσς
435 2610 595 2693 ἀνατίθησι
616 2614 654 2693 τῆ
680 2610 756 2692 πρδς
779 2610 874 2673 αὐτοῦ
899 2609 1060 2694 λεγομένη·
1076 2612 1183 2696 κακίᾳ,
1214 2611 1308 2696 νόμον
1331 2631 1364 2673 τε
1386 2611 1437 2672 καὶ

321 2708 498 2791 προφήτας,
530 2707 566 2770 τά
595 2708 630 2770 δὲ
658 2706 822 2788 εὐαγγέλια
842 2708 894 2770 καὶ
917 2705 954 2768 τά
975 2707 1068 2769 λοιπὰ
1088 2712 1266 2792 τῆς-καινῆς
1288 2709 1437 2792 διαθήκης
1454 2723 1489 2777 κο

323 2804 492 2886 μαθήματα
519 2804 604 2888 παρά
632 2803 687 2885 μὲν
715 2808 769 2866 τοῦ
799 2805 920 2886 ἀγαθοῦ
946 2805 1005 2882 (ῶς
1026 2802 1137 2882 οἴεται)
1163 2803 1311 2870 δεδόσθαι
1335 2807 1436 2890 φησίν,

323 2898 398 2961 οῦδὲ
428 2903 524 2961 ταῦτα
556 2900 614 2982 μὴν
645 2899 661 2962 ό
692 2903 746 2981 τῆς
774 2900 971 2985 βλασφημίας
1000 2901 1127 2984 εὑρετής
1157 2902 1373 2986 διισχυρίζεται
1395 2905 1434 2966 δι’

322 2995 397 3058 όλσυ
420 2995 604 3080 καθαρεύειν
626 3001 680 3060 τοῦ
700 2998 759 3076 (ῶς
782 2997 888 3081 φησίν)
917 2997 1053 3060 ἐναντίου
1077 2997 1169 3074 θεοῦ,
1199 2997 1380 3087 ἐνυπάρχειν
1402 3002 1436 3064 δὲ

320 3093 372 3155 καλ
396 3091 516 3161 τούτοις
543 3095 662 3179 (ῶσπερ
682 3094 760 3158 κατὰ
779 3091 845 3156 τινὰ
867 3093 961 3176 μῖξιν)
989 3093 1091 3157 πολλὰ
1113 3098 1167 3177 τῆς
1192 3095 1241 3157 ὑπ’
1266 3094 1361 3159 σύτυῦ
1384 3121 1436 3160 κα-

321 3189 474 3274 λουμένης
503 3191 578 3275 ῦλης
606 3194 656 3256 καὶ
682 3196 794 3278 χρῆναι
821 3193 917 3253 ταῦτα
937 3188 1119 3275 περιελόντα
1142 3191 1221 3275 μόνα
1244 3191 1315 3256 καθ’
1339 3194 1434 3258 ἑαυτὰ
1452 3207 1486 3260 25

319 3291 507 3364 καταλιπεῖν,
521 3287 551 3352 ’ἃ
569 3293 608 3372 τῆ
627 3293 681 3352 τοῦ
701 3290 822 3372 ἀγαθοῦ
842 3289 942 3373 μερίδι
962 3291 1123 3372 λογίζεται.
1141 3289 1239 3371 Ιοότω
1259 3295 1319 3353 τῶν
1340 3291 1435 3374 ἁγίων

319 3390 447 3471 γραφῶν
466 3387 520 3469 τήν
542 3385 706 3471 διόρθωσιν
728 3391 787 3468 (ῶς
800 3384 909 3458 οἴεται)
922 3385 995 3450 καθ’
1018 3385 1127 3450 ἑαυτὸν
1150 3387 1436 3472 μεταχειριζόμενος

319 3485 369 3546 καὶ
394 3483 444 3546 διὰ
465 3488 555 3546 τοῦτο
579 3486 710 3568 μάλιστα
732 3488 855 3569 τολμῶν
877 3485 1073 3568 παράκλητος
1093 3482 1171 3546 εἶναι
1192 3484 1306 3565 δοκεῖν,
1329 3485 1434 3570 τὰμὲν

318 3580 448 3642 πλείονα
466 3582 665 3666 περιγράφει,
699 3581 819 3668 βραχέα
840 3583 876 3645 δὲ
898 3583 1074 3646 καταλιπὼν
1097 3582 1149 3648 καὶ
1170 3585 1223 3664 τῆς
1244 3587 1349 3666 καινῆς
1371 3585 1434 3648 δια·

320 3677 417 3760 θήκης
436 3677 595 3740 ποθοῦντα
609 3681 670 3739 τῶν
687 3684 840 3761 συγγενῶν
861 3679 962 3762 λόγων
983 3679 1037 3762 τήν
1055 3678 1246 3763 συμφωνίαν,
1266 3678 1362 3744 οίεται
1378 3682 1432 3764 μὲν
1450 3693 1486 3749 ³⁰

319 3776 419 3836 πᾶσαν
449 3772 621 3856 ἀσφάλειαν
649 3775 876 3859 περιτεθεῖσθαι
899 3779 943 3844 ῶς
964 3775 1042 3859 μόνα
1063 3777 1101 3860 δὴ
1123 3775 1160 3840 τά
1185 3777 1340 3861 δυνάμενα
1362 3802 1433 3864 προ-

320 3869 482 3933 σέλκεσθει
508 3870 586 3952 πρὸς
614 3869 635 3932 ἀ
663 3872 859 3955 τερατεύεται
887 3875 1135 3949 καταλελοιπώς,
1170 3872 1322 3938 ούδὲνδὲ
1344 3874 1433 3958 ῆττον

319 3969 370 4031 καὶ
400 3971 495 4030 ταῦτα
527 3972 643 4052 σαφῶς,
667 3967 761 4033 αύτοῦ
791 3969 945 4056 διελέγχει
974 3971 1026 4054 τήν
1057 3969 1187 4054 όίμετρον
1221 3969 1346 4053 μανίαν,
1381 3974 1459 4048 ῶς,“

321 4064 444 4128 ἐπειδὰν
470 4064 541 4148 περὶ
568 4064 646 4129 αύτά
672 4065 811 4150 γένηται,
842 4066 920 4130 θεοῦ
947 4065 1138 4152 παρέχοντος
1165 4065 1256 4135 δείξει
1282 4069 1390 4152 σαφῶς
1415 4067 1432 4129 δ

320 4161 421 4244 λόγος.
467 4158 497 4232 θ,
531 4161 665 4225 δεικτέον
687 4153 723 4227 δέ
741 4169 874 4248 πρῶτον,
899 4165 983 4239 όπως
1006 4164 1118 4247 ἄλογον
1136 4167 1267 4226 ποιεῖται
1286 4165 1338 4247 τήν
1355 4162 1432 4226 κατά
1449 4180 1485 4237 35

319 4265 379 4324 τῶν
402 4257 613 4344 ἀρχαιοτέρων
636 4260 731 4344 ἁγίων
755 4268 883 4346 γραφῶν
908 4263 1117 4348 βλασφημίαν,
1139 4259 1356 4344 παλαιοτέροις
1378 4261 1433 4344 μὲν

253 4352 257 4358 ’
321 4354 416 4417 αδτυῦ
455 4359 601 4439 πονηροῖς
637 4358 766 4442 ἀνδράσι
800 4361 854 4424 καὶ
887 4363 940 4444 τῆς
982 4360 1146 4443 ἐκκλησίας
1189 4357 1434 4442 ἀπυκηρυχθεῖσι

320 4451 396 4514 κατὰ
424 4455 515 4514 τοῦτο
544 4454 755 4539 συνενεχθείς,
787 4461 827 4539 τῆ
855 4457 884 4519 δ’
909 4455 1036 4543 ἀσεβείᾳ
1055 4457 1168 4524 πάντας
1189 4454 1325 4522 ἐκείνους
1346 4455 1433 4539 ὑπερ-

321 4547 523 4634 βαλλόμενος.
565 4550 594 4613 εί
614 4552 669 4635 μὲν
687 4547 753 4633 σύν,
775 4553 915 4638 καθάπερ
929 4549 1082 4637 Ἓλληνες
1098 4553 1259 4616 ἀπιστοῦσι
1275 4554 1435 4622 παντελῶς

1234 4651 1280 4716 51
