3517 5434
150 624 153 713 ι

324 673 353 730 Δ
370 672 412 730 11.
430 671 475 730 18.
865 661 904 726 10

326 825 521 909 δεικνῦμινον
550 825 659 910 ἀκτῆς
683 825 807 896 ἀταξίας
826 827 879 891 καὶ
904 832 957 912 τῆς
978 831 1038 909 (ῶς
1056 828 1240 913 ὑπείληφεν)
1263 829 1442 915 ἀνισότητος

150 954 152 986 ι
283 999 291 1004 ,
325 922 480 986 τῶνκαθ’
510 923 602 1006 ἡμᾶς,
630 927 738 988 τοῦτον
766 925 822 1008 μὲν
845 928 1005 1003 πλουτεῖν,
1032 931 1139 990 τοῦτον
1168 927 1203 990 δὲ
1222 925 1372 992 πένεσθαι
1389 929 1441 994 καὶ

323 1020 376 1084 τδν
407 1021 462 1103 μέν
492 1019 645 1096 εὐδοξεῖν,
677 1021 729 1084 τδν
758 1021 793 1084 δὲ
815 1022 938 1093 ἀδοξεῖν
960 1024 1012 1086 καὶ
1037 1022 1097 1086 όσα
1120 1029 1258 1096 τοιαῦτα.
1289 1023 1323 1087 τό
1345 1049 1379 1090 τε
1402 1027 1439 1110 δὴ

326 1116 577 1202 σπουδαζόμενον
603 1117 728 1204 ἐστιτῷ
750 1119 861 1205 ἀγαθῷ
886 1121 939 1204 τὴν
963 1122 1065 1208 ψυχήν
1088 1119 1300 1206 ἐλευθερῶσαι
1319 1126 1373 1205 τῆς
1388 1145 1439 1186 κα·

291 1215 394 1284 ὐκίας
412 1216 464 1278 καὶ
493 1217 605 1299 ταότην
631 1215 780 1297 ἀντλῆσαι
801 1215 913 1300 τρόπον
944 1217 1010 1282 τινὰ
1037 1219 1072 1284 ἐκ
1099 1223 1153 1302 τῆς
1175 1219 1264 1304 ὕλην
1290 1224 1380 1284 τοῦτο
1405 1220 1439 1284 δέ

324 1310 481 1395 γίγνεσθαι
507 1312 558 1378 διά
584 1317 638 1396 τῆς
666 1313 799 1396 σελήνης
819 1313 1034 1404 αὐξανομένης
1049 1339 1083 1379 τε
1104 1317 1156 1380 καὶ
1180 1316 1375 1402 μειουμένης,
1399 1321 1441 1388 ῶς

326 1411 401 1494 δρᾶν
429 1411 582 1495 δοκοῦμεν
610 1412 710 1493 ήμεῖς.
750 1410 785 1473 τδ
810 1409 869 1495 γάρ
901 1411 1018 1495 ἀληθὲς
1046 1415 1168 1500 (φησίν)
1196 1414 1301 1498 ὑδρίας
1327 1413 1439 1500 τρόπον

325 1507 402 1590 αὐτὴ
431 1505 630 1592 πληρουμένη
657 1506 692 1571 ἐκ
717 1509 771 1588 τῆς
799 1507 1009 1594 κατεχομένης
1036 1510 1144 1582 οὐσίας
1171 1513 1214 1581 είς
1236 1513 1270 1576 τδ
1295 1512 1441 1597 ὁμογενὲς

326 1604 443 1687 ἀγαθὸν
466 1608 617 1680 κενοῦται,
649 1604 678 1666 εἰ
696 1602 753 1687 γάρ
775 1605 827 1668 καῖ
851 1605 894 1688 μή
914 1605 1034 1676 τούτοις
1053 1619 1088 1692 γε
1112 1613 1175 1679 τοῖς
1198 1609 1339 1694 ῥήμασιν,
1359 1610 1440 1674 ἀλλά

277 1711 310 1766 10
326 1723 362 1782 γε
384 1704 481 1764 ταῦτα
504 1700 647 1787 βοόλεται
669 1700 781 1784 λέγειν,
806 1701 884 1786 ἅπερ
907 1701 1190 1790 εὐσχημονέστερον
1210 1707 1289 1770 πάνυ
1310 1727 1346 1788 γε
1363 1707 1441 1790 πρός

324 1799 414 1882 ήμῶν
434 1798 562 1884 εἴρηται.
607 1801 750 1862 πλεῖστον
770 1799 829 1885 γὰρ
852 1799 926 1862 όαον
952 1801 1027 1885 παρ’
1052 1803 1137 1889 αὐτῷ
1158 1804 1193 1868 τδ
1218 1801 1386 1867 ἀλλόκοτον
1407 1801 1439 1864 έν

233 1896 238 1909 “
324 1901 364 1981 τή
385 1897 525 1981 διηγήσει
543 1898 594 1960 καὶ
614 1898 649 1961 τδ
671 1897 834 1960 ἀπίθανον.
878 1897 937 1964 ὅσοι
961 1898 1015 1982 μὲν
1044 1897 1098 1964 οὐν
1128 1901 1220 1986 ἕτερα
1240 1902 1335 1986 γραὸς
1355 1900 1439 1982 δίκην

326 1994 496 2078 μυθολογεῖ
516 1996 568 2058 καὶ
589 1997 713 2080 γράφει,
734 2001 774 2081 τῇ
794 1994 902 2081 Σόρων
927 1999 1019 2080 φωνή
1039 2000 1211 2082 χριόμενος,
1236 1998 1321 2066 όπως
1343 1997 1396 2080 μὲν
1418 1997 1439 2080 ή

324 2095 362 2174 γῆ
388 2092 587 2177 βαστάζεται,
618 2095 670 2156 τόν
699 2094 857 2178 ποιητικὸν
887 2093 927 2177 μὴ
959 2093 1117 2179 διαφυγὼν
1146 2095 1262 2178 μῦθον,
1291 2095 1376 2166 όπως
1405 2095 1440 2160 δὲ
1473 2167 1479 2178 ,

276 2194 309 2248 νδ
328 2189 517 2252 συνέπονται
548 2189 578 2251 οἱ
611 2188 738 2273 ὄμβροι,
772 2194 815 2258 ῶς
851 2190 978 2274 ἱδρῶτές
1007 2191 1067 2264 εἰσι
1098 2195 1159 2256 τῶν
1198 2191 1355 2278 ἀρχόντων
1387 2198 1441 2278 τῆς

325 2286 416 2369 ὅλης,
434 2292 530 2351 ταῦτα
552 2287 604 2349 καὶ
625 2286 664 2350 τά
687 2292 814 2352 τοιαῦτα
837 2293 897 2352 τῶν
922 2287 1016 2352 αὐτοῦ
1037 2290 1259 2373 παλαισμάτων
1282 2313 1439 2376 παρεμπο·

325 2383 463 2467 ρεόματα
493 2385 631 2468 περιττόν
661 2382 698 2448 ἀν
726 2385 773 2468 εἴη
801 2384 968 2470 προφέρειν
1002 2385 1045 2454 είς
1075 2383 1214 2470 ἔλεγχον.
1262 2388 1322 2473 χρὴ
1355 2389 1390 2452 δὲ
1420 2388 1440 2452 ἀ
1569 2440 1573 2448 .

324 2483 394 2565 περὶ
424 2483 555 2546 ἑκάστου
586 2483 771 2566 παραπαίων
801 2483 914 2567 γράφει
942 2483 1100 2567 γνώρισμα
1120 2487 1184 2552 τοῖς
1208 2485 1310 2561 πᾶσιν,
1332 2487 1441 2570 ἥκιστά

324 2603 360 2662 γε
389 2578 557 2664 ἀνέχεσθαι
585 2582 662 2664 πρδς
695 2579 864 2664 ἀπέραντον
899 2579 1051 2664 φλυαρίαν
1085 2581 1136 2644 τδν
1166 2579 1257 2664 λόγον
1288 2581 1439 2658 ἐκτείνειν,

273 2683 309 2738 w
326 2679 369 2745 ῦς
396 2678 510 2761 ἀρκοῦν
538 2676 612 2741 αὐτδ
640 2679 674 2741 τδ
703 2679 872 2760 κεφάλαιον
899 2676 994 2740 αὐτοῦ
1024 2681 1078 2760 τῆς
1107 2677 1222 2762 ἀλόγου
1252 2679 1362 2762 μανίας
1383 2681 1439 2744 διε-

204 2808 207 2812 ·
325 2774 488 2858 λέγξαντας
511 2779 572 2839 τῶν
593 2774 697 2839 ἀλλων
720 2779 935 2859 καταφρονεῖν.
956 2775 1022 2860 Ικαὶ
1044 2775 1071 2838 εἰ
1090 2776 1131 2860 μή
1151 2798 1187 2860 γε
1209 2777 1260 2839 τὸν
1277 2777 1349 2860 περὶ
1369 2797 1440 2862 προ-

325 2871 410 2940 νοίας
430 2869 523 2954 λόγον
545 2871 704 2958 συνέβαινε
726 2874 817 2958 τήνδε
845 2871 899 2955 τήν
930 2871 1075 2936 ὑπόθεσιν
1103 2873 1277 2956 ἀναγκαίως
1295 2877 1440 2957 περιλαμ-

325 2969 439 3054 βάνειν,
472 2971 512 3034 δι’
537 2968 573 3034 οὐ
595 2972 745 3056 προσήκει
773 2969 871 3039 δεῖξαι
892 2971 935 3038 ὡς
957 2969 1076 3032 ἅπαντα
1096 2967 1131 3032 εὖ
1156 2993 1189 3034 τε
1210 2972 1261 3036 καὶ
1285 2972 1378 3040 θείως
1395 2992 1440 3034 τε·

324 3066 459 3150 ταγμένα
490 3069 544 3152 τήν
575 3068 707 3153 ἄρρητον
734 3072 790 3130 τοῦ
812 3068 889 3130 θεοῦ
915 3066 1024 3150 σοφίαν
1047 3067 1204 3151 κηρύττει,
1222 3068 1322 3153 γέλως
1343 3067 1379 3133 ἀν
1402 3066 1440 3152 ήν

274 3173 309 3228 16
327 3167 534 3252 ἀντιρρήσεως
561 3171 635 3249 γοῦν
665 3188 746 3234 τινος
767 3164 870 3234 ἀξιοῦν
890 3161 928 3225 τὰ
953 3163 1152 3248 προτεθέντα,
1176 3165 1253 3250 άπερ
1274 3167 1360 3234 ἐκτὸς
1380 3167 1450 3228 τῶν·

324 3269 435 3328 κοινῶν
465 3263 590 3328 ἐννοιῶν
622 3260 887 3348 συμπεφορημένα
920 3259 1093 3344 αὐτόματον
1125 3263 1193 3350 ἔχει
1213 3264 1298 3346 παρά
1320 3285 1354 3346 γε
1377 3265 1441 3329 τοῖς

326 3360 476 3446 έχέφρουι
502 3366 554 3428 τὸν
582 3359 722 3446 ἔλεγχον.
763 3358 851 3443 ήρκει
880 3357 932 3434 δέ,
961 3357 1018 3424 οὐκ
1051 3356 1177 3430 ἔλαττον
1214 3358 1369 3427 δείξαντας
1397 3359 1465 3422 ὡς’

325 3458 473 3542 οὐδαμῶς
502 3459 537 3522 ἀν
567 3458 730 3542 ὑπάρξοιεν
761 3457 855 3542 ἀρχαὶ
885 3455 940 3520 δύο
970 3457 1021 3520 καὶ
1049 3458 1180 3539 μάλιστα
1201 3451 1351 3526 ἐναντίαι,
1377 3448 1438 3532 ήδη

324 3555 397 3638 περί
415 3577 448 3618 τε
470 3557 637 3640 ἀνθρώπου
665 3553 715 3617 καί
737 3556 791 3637 τῆς
811 3551 908 3638 ἄλλης
928 3553 1127 3639 δημιουργίας
1148 3545 1322 3632 διαλαβεῖν·
1355 3545 1440 3630 ὅμως

273 3658 309 3712 ³⁰
327 3651 364 3714 δὲ
386 3653 420 3716 τδ
446 3655 568 3716 κωλῦον
600 3650 691 3714 οὐδὲν
720 3651 770 3713 καὶ
798 3656 858 3714 τῶν
880 3649 1092 3738 προτεθέντων
1119 3646 1192 3709 ἰδεῖν
1222 3645 1255 3708 τὸ
1279 3644 1440 3710 ἀπίθανον.

324 3747 370 3821 18.
405 3751 529 3833 ήτάκτει
546 3749 622 3832 γάρ,
651 3747 762 3832 φησίν,
790 3749 809 3832 i,
835 3749 892 3833 όλη
915 3746 1001 3810 ποτέ.
1040 3743 1129 3806 ποίαν
1151 3741 1293 3820 ἀταξίανγ
1323 3741 1383 3828 ἀρά
1405 3763 1440 3824 γε

324 3845 400 3910 καθ’
423 3846 535 3928 ἑαυτήν
557 3843 653 3922 οὐσας
674 3845 694 3929 ἡ
717 3847 795 3910 κατὰ
812 3847 906 3922 τίνοςγ
929 3844 1031 3907 ἀδικία
1052 3840 1109 3926 γὰρ
1133 3839 1240 3904 ἅπασα
1253 3841 1364 3925 ἑαυτῆς
1384 3839 1441 3904 οὐκ

325 3943 361 4008 ἀν
381 3943 498 4026 γένοιτο
522 3943 635 4020 ἀδικία,
675 3944 772 4008 δεῖται
802 3945 837 4007 δὲ
865 3941 973 4024 ἑτέρου
995 3939 1075 4008 τινδς
1102 3937 1173 4004 καθ’
1198 3935 1235 4002 οὐ
1257 3937 1368 4020 γένοιτ’
1391 3937 1438 4000 ἀν.

324 4045 344 4126 ή
367 4043 466 4106 τοίνυν
487 4040 584 4127 ἑτέρῳ
603 4043 658 4106 τινὶ
679 4043 720 4128 μή
744 4043 989 4107 ἐπικοινωνοῦσα
1010 4035 1088 4101 κατὰ
1109 4037 1189 4104 τίνος
1203 4035 1341 4118 ήτάκτειγ
1361 4031 1441 4117 ήτίς

274 4146 308 4200 ³5
327 4142 343 4204 ό
365 4139 457 4223 λόγος
479 4146 533 4226 τῆς
557 4140 682 4210 ἀταξίας
713 4141 823 4224 αὐτήςς
847 4137 954 4222 ἐγέννα
977 4137 1032 4220 μὲν
1059 4138 1180 4217 πρῶτον
1206 4134 1359 4214 προϊοῦσα
1389 4129 1440 4194 καὶ

324 4225 483 4320 ηὐξάνετο,
493 4240 595 4324 φησίν.
615 4237 726 4302 οὐκοῦν
740 4238 877 4320 ἀιδίωςή
890 4235 989 4300 ἀίδιος
999 4231 1114 4314 ἐγέννα.
1129 4229 1213 4290 δυοῖν
1225 4226 1282 4310 γὰρ
1294 4226 1439 4310 θάτερον·

324 4339 344 4422 ή
367 4340 506 4423 λογισμῷ
523 4343 613 4402 τοῦτο
635 4337 811 4419 πράττουσα
833 4332 923 4416 κυρία
943 4333 997 4394 τοῦ
1020 4327 1214 4413 βουλήματος
1232 4323 1269 4410 ήν
1282 4325 1302 4410 ή
1316 4324 1441 4414 φύσεως

240 4507 244 4514 ,
325 4437 441 4519 ἀνάγκη
460 4439 600 4518 γεννῶσα
620 4433 678 4498 οὐκ
698 4429 778 4496 ἔστιν
801 4428 853 4491 ότε
875 4427 917 4510 μή
940 4428 1045 4509 γεννᾶν
1067 4423 1125 4488 ὑπὸ
1148 4427 1201 4507 τῆς
1222 4421 1346 4508 φύσεως
1367 4425 1438 4508 ήνα-

325 4533 463 4615 γκάζετο.
486 4531 558 4597 ἀλλ’
582 4531 788 4618 ἀφαιροῦνται
810 4524 864 4608 μὲν
895 4521 989 4607 αὐτῆς
1007 4521 1059 4588 καὶ
1080 4522 1226 4607 λογισμόν
1248 4520 1300 4586 καὶ
1319 4524 1440 4604 γνῶσιν,
