3517 5434
316 749 369 798 cap.
390 728 416 780 4.
781 723 799 794 ἢ
815 725 907 797 μονάς.
1336 726 1372 780 39

317 883 436 962 ἀτελές,
458 879 547 965 αὑτῷ
568 881 603 947 δὲ
624 883 681 946 καὶ·
702 874 863 968 ἄναρχον,
886 879 965 965 ἡμῖν
980 881 1015 945 δὲ
1030 881 1149 946 δοκοῦν
1169 874 1274 966 ἀρχὴν
1289 883 1371 967 ἔχειν

319 989 379 1074 τὴν
399 995 528 1077 γνῶσιν.
573 989 632 1062 οὐκ
654 990 743 1075 αὐτῷ
766 983 826 1058 οὖν
847 985 932 1080 ἀρχὴ
955 993 1080 1075 γίνεται
1101 988 1123 1070 ἡ
1145 993 1277 1075 γνῶσις,
1300 988 1367 1057 ἀλλ’
1396 990 1415 1056 9

284 1119 299 1169 3
318 1103 397 1188 ἡμῖν
424 1099 485 1183 τὴν
507 1097 613 1190 ἀρχὴν
633 1092 810 1189 παρέχεται
838 1107 897 1169 τοῦ
925 1103 1216 1187 μνωοθησομίνον.
1247 1100 1371 1187 Ὶλαβοί-

317 1218 411 1298 pacta
435 1204 494 1280 οὖν
515 1216 575 1295 τῆς
597 1213 701 1300 ἀρχῆς
723 1216 779 1279 καὶ
801 1211 986 1299 ὁδεύσωμεν
1000 1209 1091 1299 τάχα
1106 1208 1250 1279 ἅπαντα.
1283 1209 1371 1280 αάνν

316 1323 380 1412 γάρ
410 1332 479 1392 ἐστι
504 1320 637 1392 σκολιὰν
663 1319 703 1390 τὸ
732 1321 774 1390 eol
812 1321 946 1405 συνήθη
974 1325 1030 1388 καὶ
1056 1319 1209 1412 παρόντα
1236 1326 1370 1391 καταλι-

283 1444 299 1496 6
317 1433 424 1502 πάντα
453 1440 507 1502 ἐπὶ
534 1432 577 1502 τά
600 1431 727 1501 παλαιοί
748 1439 805 1503 καὶ
827 1435 951 1523 ἀρχαῖα
974 1431 1208 1520 ἀνακάμπτειν.
1247 1430 1290 1502 eoi
1311 1439 1371 1522 μὲν

316 1542 381 1631 μάρ
410 1544 597 1637 φαινόμενα
625 1552 746 1634 τέρπει,
779 1544 822 1613 col
850 1549 885 1613 δὲ
914 1545 1031 1635 ἀφανῆ
1060 1548 1247 1614 δυσπιστεῒν
1274 1557 1370 1613 ποιεῖ.

318 1655 531 1748 φανερώτερα
554 1662 589 1725 δέ
612 1666 681 1726 ἐστι
702 1653 745 1724 τοί
767 1656 862 1739 saud,
884 1652 922 1726 τὸ
946 1660 981 1724 δὲ
1000 1652 1138 1741 ἀγαθὸν
1154 1655 1281 1748 ἀφανὲς
1303 1667 1372 1736 τοῖς

285 1767 530 1857 9ὀφθαλμοῖς’
560 1769 598 1835 οὐ
620 1766 684 1857 γάρ
706 1766 821 1859 μορφὴ
844 1764 918 1836 οὔτε
940 1765 1041 1844 τύπος
1063 1771 1152 1834 ἐστὶν
1174 1767 1271 1853 αὐτῷ.
1316 1764 1372 1834 decl

318 1882 416 1944 τοῦτο
439 1879 529 1964 αὑτῷ
550 1887 611 1965 μέν
632 1886 720 1947 ἐστιν
743 1877 869 1965 ὅμοιον,
891 1889 961 1956 τοῖς
984 1882 1018 1945 δὲ
1041 1875 1153 1954 ἀλλοις
1174 1881 1277 1947 πᾶσιν
1292 1876 1372 1947 ἀνό-

318 2013 425 2071 μοιον.
470 1987 636 2057 ἀδύνατον
657 1986 722 2076 yolo
744 1987 924 2077 ἀσώματον
945 1986 1071 2076 σώματι
1094 1991 1251 2080 φανῆναι.

268 2121 301 2170 12
385 2098 480 2182 Αὕτη
504 2101 525 2183 ἡ
547 2097 695 2191 διαφορά
718 2106 776 2168 τοῦ
805 2101 923 2187 ὁμοίου
950 2097 1032 2190 πρὸς
1054 2096 1092 2167 τὸ
1116 2096 1291 2187 ἀνόμοιον,
1319 2102 1374 2167 καὶ
1400 2097 1440 2164 10

319 2214 365 2295 τῷ
393 2211 541 2298 ἀνομοίῳ
569 2212 738 2302 ὑστέρημα
764 2209 848 2302 πρὸς
877 2209 915 2280 τὸ
946 2211 1071 2300 ὅμοιον.
1124 2211 1144 2294 ἡ
1173 2207 1237 2301 μάρ
1265 2207 1371 2296 μονάς

318 2320 451 2389 πάντων
473 2315 559 2390 οὖσα
581 2320 852 2429 ἀρχαὶκαὶ-(ἕξω
874 2331 909 2392 ὲν
931 2329 1034 2392 πᾶσίν
1057 2331 1144 2392 ἐστιν
1166 2322 1211 2402 ὡς
1232 2319 1275 2390 ἀν
1296 2324 1370 2410 ῥίζα
1410 2353 1434 2381 κ

270 2456 301 2505 15
319 2438 373 2501 καὶ
396 2432 496 2523 ἀρχή·
519 2431 599 2503 ἀνευ
620 2439 655 2502 δὲ
677 2436 781 2524 ἀρχῆς
803 2436 914 2504 οὐδέν·
938 2431 1023 2525 ἀρχὴ
1039 2438 1073 2502 δὲ
1089 2433 1123 2515 ἐξ
1139 2432 1272 2512 οὐδενὸς
1294 2428 1316 2515 ἢ
1338 2434 1372 2514 ἐξ

390 2636 411 2687 l.
430 2601 566 2704 laced-B.
636 2638 661 2689 2.
681 2633 768 2691 αὐτοῦ
785 2637 841 2688 ΑΒ.
895 2636 920 2688 5.
940 2633 1057 2703 σκολιὸν]
1078 2635 1189 2707 σκληρὰν
1206 2637 1287 2688 Fluss.
1306 2635 1372 2686 Patr.

387 2720 414 2773 8.
432 2723 609 2793 φανερώτατα
626 2726 658 2776 Α.
747 2721 772 2775 9.
791 2718 954 2792 ὀφθαλμοῖς]
977 2721 1064 2784 sicli,
1092 2730 1217 2793 φανεροῖς
1238 2721 1336 2791 reliqui.
1357 2716 1370 2790 ll

389 2803 474 2859 αὐτοῦ
491 2808 547 2858 ΑΒ.
633 2809 673 2860 12.
690 2807 707 2874 ἡ
726 2827 779 2858 orn.
799 2808 844 2858 AB
863 2808 942 2858 Turn.
963 2809 1044 2860 Fluss.
1128 2807 1170 2860 13.
1189 2810 1225 2874 τῷ
1244 2803 1372 2877 ἀνομοίῳ]

388 2889 437 2942 τοῦ
454 2887 585 2962 ἀνομοίου
602 2892 635 2942 Β.
655 2887 669 2959 ll
707 2890 810 2961 ὅμοιον]
834 2892 952 2954 merel}
979 2892 1059 2958 ζήτει,
1083 2888 1095 2958 ΙΙ
1136 2891 1223 2962 ἡμάρ
1241 2892 1370 2960 μονὰς-

389 2996 413 3044 p.
427 2975 471 3040 40,
484 2976 516 3027 ll
530 2973 603 3028 εἰκών
615 2997 654 3046 ap.
667 2978 794 3028 Stob.ecl.
807 2977 877 3046 phys.
890 2977 898 3024 l
912 2996 936 3042 p.
950 2975 1003 3028 306
1021 2977 1125 3026 Heeren.
1164 2976 1205 3028 14.
1219 2966 1289 3027 odone
1308 2971 1374 3026 αάν-

389 3082 440 3114 των
461 3062 508 3112 ΑΒ
525 3063 597 3114 Stoh.
618 3056 630 3131 ll
669 3068 694 3115 ίν
712 3061 795 3116 πᾶσίν
812 3066 882 3114 ἐστιν
895 3059 927 3118 ὥς
940 3057 974 3114 ἀν
992 3063 1053 3131 ῥίζα
1071 3082 1121 3112 om.
1139 3060 1186 3111 ΑΒ
1199 3061 1280 3113 Turn.
1293 3061 1372 3114 Fluss.

390 3147 432 3199 15.
451 3162 507 3216 post
525 3144 593 3218 ἀρχὴ
613 3148 659 3199 ΑΒ
678 3150 757 3199 Turn.
777 3150 857 3200 Flnss.
877 3147 943 3198 Patr.
967 3148 1023 3198 add.
1044 3137 1120 3200 οάοα.
1203 3146 1277 3197 15-
1290 3168 1314 3215 p.
1328 3147 1372 3211 40,

391 3233 414 3284 l.
433 3230 451 3301 ἢ
469 3234 494 3291 ἐξ
513 3231 606 3302 αὑτῆς]
625 3234 662 3288 roi
679 3230 748 3288 ἄλλα
766 3237 794 3288 dl
811 3237 836 3292 li
854 3227 937 3301 αὐτῆς
954 3232 984 3284 Β.
1006 3228 1019 3300 ll
1056 3230 1084 3301 ἢ]
1103 3227 1158 3286 ἀλλ’
1178 3232 1249 3284 stob.

320 3427 361 3473 est
379 3427 407 3473 et
424 3417 606 3490 indefinitum3
629 3419 682 3476 sibi
701 3439 809 3496 quoque
826 3419 961 3496 principio
981 3425 1066 3488 ceret;
1082 3415 1161 3472 nobis
1179 3435 1243 3474 vero
1263 3427 1374 3496 apparet

320 3506 479 3581 principium
491 3500 589 3560 habere
602 3509 787 3581 cognitionem.
818 3525 872 3560 non
891 3506 945 3582 ipsi
957 3513 1044 3560 autem
1058 3505 1217 3580 principium
1235 3503 1267 3558 fit
1285 3505 1374 3577 cogni·

321 3593 368 3659 tio,
387 3589 437 3646 sed
454 3591 534 3647 nobis
552 3595 714 3669 principiam
732 3591 846 3670 praebet
863 3593 921 3646 eius
941 3593 987 3666 qui
1000 3591 1126 3664 cognosci
1145 3588 1232 3644 debet.
1258 3588 1371 3665 prehen-

321 3675 413 3730 damus
432 3697 494 3751 ergo
513 3679 675 3754 principium
693 3687 720 3732 ct
736 3676 931 3754 permeabimus
945 3676 1068 3732 celeriter
1080 3677 1175 3730 omnia.
1205 3673 1284 3730 valde
1302 3675 1373 3730 enim

320 3763 529 3840 inopportunum
541 3772 583 3817 est
595 3773 722 3819 consueta
736 3764 940 3839 praesentiaque
953 3761 1106 3838 relinquere
1123 3772 1149 3817 et
1168 3759 1201 3817 ad
1220 3769 1326 3818 vetusta
1346 3770 1373 3816 et

321 3851 454 3924 primaeve
463 3848 560 3904 redire.
578 3868 639 3903 nam
649 3869 717 3924 quae
727 3857 857 3924 apparent
868 3845 1015 3917 oblectant,
1028 3865 1167 3924 quaerero
1178 3867 1232 3903 non
1245 3855 1373 3924 apparent

320 3933 432 3990 difficile
451 3933 608 4003 credantur,
626 3934 806 3990 manifestiora
826 3933 988 4002 summale,
1006 3935 1106 3990 bonum
1124 3943 1211 3990 autem
1230 3933 1373 3988 obscurum

320 4031 361 4076 cst
384 4020 484 4090 oculis,
507 4041 595 4096 neque
618 4023 689 4078 enim
710 4019 792 4076 [orma
816 4028 861 4075 aut
884 4017 967 4094 figura
992 4021 1016 4074 ei
1036 4028 1084 4074 est.
1108 4029 1189 4094 atquc
1212 4018 1246 4074 ob
1268 4018 1297 4074 id
1319 4016 1373 4072 sibi

320 4108 428 4182 quidem
441 4117 483 4164 cst
494 4107 589 4175 simile,
607 4107 666 4164 aliis
678 4127 743 4164 vero
756 4105 879 4162 omnibus
893 4103 1030 4163 dissimile.
1061 4103 1230 4182 impossibile
1249 4113 1290 4160 est
1302 4105 1372 4160 enim

319 4193 506 4272 incorporeum
524 4197 632 4272 corpori
649 4196 827 4249 innotescere.
1042 4187 1046 4196 ’

373 4279 445 4335 Hace
468 4279 616 4336 differentia
640 4290 682 4336 est
706 4281 776 4336 inter
798 4278 932 4335 similest
950 4275 1093 4343 dissimile,
1116 4287 1143 4333 et
1166 4275 1297 4334 dissimile
1318 4293 1372 4329 non

322 4364 496 4439 pervenitad
514 4365 608 4421 simile.
640 4387 733 4422 monas
750 4384 865 4442 namque
888 4367 1005 4420 omnium
1024 4384 1083 4420 cum
1107 4365 1143 4418 sit
1165 4363 1326 4438 principium
1345 4368 1372 4413 et

251 4440 255 4448 ¹
322 4447 397 4504 radix
416 4450 444 4504 in
462 4451 585 4505 omnibus
603 4461 646 4506 cst
663 4461 694 4508 nt
711 4451 786 4510 radix
804 4461 832 4507 ct
853 4452 1026 4528 principium
1048 4451 1107 4504 sine
1129 4447 1263 4524 principio
1285 4453 1372 4501 autem
