3517 5434
400 685 435 739 58
608 669 618 696 ρ
809 684 871 742 Ὅτι
890 683 963 740 oridia
982 689 1031 742 τῶν
1358 712 1410 761 cap.
1430 693 1454 746 Β.

399 842 465 906 τῶν
499 841 594 905 idatio
624 836 665 904 τά
694 836 773 906 ποιοί
797 839 815 906 ὁ
838 836 948 931 πατὴρ
978 845 1236 929 ἐγκατασπείρας
1263 845 1303 934 τῇ
1326 850 1455 934 σφαίρᾳ

401 948 508 1035 ὥσπερ
531 956 566 1015 ἐν
588 945 698 1039 ἄντρῳ
712 955 904 1030 κατέκλεισε,
927 949 1016 1043 πάσῃ
1032 948 1182 1032 ποιότητι
1196 958 1363 1038 κοσμῆσαι
1377 959 1455 1041 βου-

400 1059 538 1146 λόμενος
560 1058 597 1126 τὸ
619 1062 692 1147 μετ’
711 1061 813 1128 αὐτοῦ
835 1060 947 1129 ποιόν·
970 1066 1009 1153 τῇ
1025 1065 1059 1128 δὲ
1074 1061 1254 1148 ἀθανασίᾳ
1268 1063 1488 1150 περιβαλώνυ
1526 1127 1529 1132 .

400 1168 439 1238 τὸ
462 1177 530 1237 πᾶν
553 1177 664 1258 σῶμα,
687 1178 743 1240 ἵνα
765 1172 812 1258 μη
834 1172 855 1253 ί]
879 1171 940 1253 ὕλη
963 1177 1021 1254 τῆς
1044 1170 1162 1240 τούτου
1184 1173 1369 1254 συστάσεως
1391 1181 1451 1244 δε-

400 1281 532 1363 λήσασα
555 1283 742 1365 ἀποστῆναι
764 1287 911 1374 διαλυθῇ
933 1291 977 1362 εὶς
999 1280 1059 1366 τὴν
1082 1289 1201 1365 ἑαυτῆς
1216 1285 1367 1366 ἀταξίαν.
1398 1285 1451 1354 ὅτε

398 1391 463 1483 γάρ
487 1386 528 1475 ἦν
552 1392 728 1480 ἀσώματος
749 1396 770 1477 ἡ
793 1393 868 1477 ὕλη,
893 1388 920 1460 ol
941 1401 1067 1475 τέκνον,
1090 1391 1232 1474 ἀτακτος
1254 1387 1309 1477 ἦν·
1333 1401 1396 1483 ἔχει
1419 1402 1452 1466 δὲ
1471 1420 1487 1469 o

398 1511 453 1573 καὶ
483 1504 607 1572 ἐνθάδε
634 1503 696 1588 τὴν
723 1511 796 1596 περὶ
825 1505 868 1572 τά
898 1507 983 1572 ἀλλα
1019 1503 1119 1591 μικρά
1148 1504 1228 1574 ποιά
1250 1511 1451 1593 είλουμένην,

399 1612 520 1697 τὸτῆς
548 1614 713 1698 αὐξήσεως
740 1622 796 1685 καὶ
825 1614 864 1684 τὸ
888 1621 945 1701 τῆς
967 1614 1143 1703 μειώσεως,
1173 1616 1212 1686 δν
1241 1615 1396 1685 θάνατον
1412 1627 1450 1694 Ιοἱ

353 1722 576 1813 4άνθρωποι
597 1731 763 1796 καλοῦσιν.
809 1727 892 1811 αὕτη
916 1733 950 1796 δὲ
973 1728 994 1809 ἡ
1017 1727 1138 1809 ἀταξία
1167 1733 1240 1817 περὶ
1263 1725 1304 1794 τά
1326 1734 1485 1814 ίπίγειαο

397 1840 464 1918 ζῶα
486 1843 620 1923 γίνεται.
665 1845 730 1907 τῶν
751 1838 816 1928 γάρ
839 1841 1003 1929 οὐρανίων
1025 1837 1067 1906 τά
1091 1838 1229 1924 σώματα
1255 1843 1337 1925 μίαν
1358 1839 1450 1922 τάξιν

397 1954 468 2035 ἔχει,
492 1946 534 2030 ἢν
557 1950 681 2036 εἴληχεν
704 1950 770 2020 ἀπὸ
793 1958 853 2020 τοῦ
873 1952 1000 2042 πατρὸς
1022 1949 1083 2034 τὴν
1106 1948 1225 2039 ἀρχήν·
1249 1963 1395 2040 τηρεῖται
1417 1955 1450 2020 δὲ

397 2059 480 2142 αὕτη
503 2058 567 2128 ὑπὸ
590 2065 650 2142 τῆς
670 2061 811 2130 ἑκάστου
831 2061 1133 2140 ἀποκαταστάσεως
1154 2060 1343 2141 ἀδιάλυτσς
1371 2063 1393 2144 ἡ
1416 2067 1450 2132 δὲ
1468 2087 1502 2136 12

397 2170 666 2251 ἀποκατάστασις
694 2180 759 2240 τῶν
786 2180 935 2261 ἐπιγείων
971 2172 1131 2261 σωμάτων
1160 2172 1329 2253 σύστασις,
1364 2174 1385 2254 ἡ
1416 2179 1449 2242 δὲ

398 2280 545 2359 διάλυσις
573 2281 656 2363 αὐτη
687 2285 961 2353 ἀποκαθίσταται
989 2293 1034 2363 είς
1056 2281 1097 2352 rol
1119 2283 1281 2352 ἀδιάλυτοι
1303 2282 1449 2370 σώματα,

396 2394 487 2459 τοῦτ’
506 2397 575 2459 ἔστι
596 2388 639 2458 τά
668 2393 847 2463 ἀθάνατα·
876 2403 931 2464 καί
961 2393 1045 2463 οὕτω
1076 2403 1224 2484 στέρησις
1245 2400 1370 2481 γίνεται
1391 2404 1449 2479 τῆς
1470 2421 1501 2470 15

397 2502 596 2586 αἰσθήσεως,
620 2504 678 2572 οὐκ
700 2505 845 2574 ἀπώλεια
867 2513 932 2576 τῶν
955 2505 1125 2594 σωμάτων.

359 2615 378 2675 5
467 2613 513 2683 Τὸ
548 2620 582 2683 δὲ
615 2622 728 2707 τρίτον
762 2621 859 2701 ζῶον,
895 2621 912 2688 ὁ
943 2615 1125 2709 ἀνθρωπος
1154 2620 1227 2685 κατ’
1252 2620 1362 2688 είκόυα
1391 2627 1450 2689 τοῦ

464 2842 491 2894 2.
510 2838 608 2915 ἄντρῳ]
627 2843 707 2913 κύκλῳ
727 2846 791 2898 Patr.
812 2841 825 2916 ΙΙ
869 2846 961 2902 πᾶσαν
980 2843 1112 2915 ποιότητα
1131 2845 1160 2897 Β.
1241 2847 1266 2898 d.
1284 2849 1321 2918 μὴ
1338 2845 1385 2916 ὕλη
1404 2851 1448 2899 καὶ

464 2932 511 2998 ’τῆς
540 2933 561 2982 Α
589 2932 667 2985 Turn.
758 2934 781 2987 7.
801 2933 861 3004 τὴν]
889 2937 949 2989 asaal
976 2937 1055 2987 Flusa.
1154 2930 1179 2983 9.
1199 2931 1270 3004 περὶ]
1299 2937 1341 2988 ἐπὶ
1368 2936 1446 2985 Τοτο.

465 3016 506 3067 13.
526 3017 665 3086 σύστασις]
683 3020 718 3071 aio
737 3022 814 3084 Palu,
833 3021 988 3080 συστάσεως
1005 3019 1103 3087 reliqui.
1173 3018 1211 3068 Ιλ.
1231 3021 1322 3087 τρίτον
1341 3019 1416 3082 ζῶον,
1433 3019 1447 3072 ὁ

464 3099 620 3174 ἄνθρωπος]
640 3125 693 3174 cap.
711 3107 739 3174 9,
759 3108 801 3158 12.
820 3109 898 3158 laomo
916 3127 967 3158 non
985 3105 1058 3156 tertio
1075 3103 1116 3154 aed
1136 3105 1244 3154 secundo
1263 3105 1319 3155 loeo
1338 3107 1447 3173 ponitur.

393 3323 438 3358 rae
456 3314 590 3378 tamquam
608 3307 635 3359 in
655 3316 732 3359 antro
750 3305 874 3369 inclusit,
899 3306 970 3357 omui
993 3301 1121 3376 qualitate
1144 3319 1238 3353 ornare
1261 3299 1356 3354 volens
1374 3299 1448 3374 quod

394 3409 453 3444 oum
476 3389 537 3463 ipso
561 3397 619 3442 erat
640 3388 732 3461 quale;
755 3386 954 3442 immortalitate
977 3384 1143 3440 circumdans
1167 3392 1252 3438 totum
1276 3402 1390 3460 eorpus,
1413 3405 1446 3441 ne

391 3474 501 3528 materia
520 3472 554 3526 ab
572 3474 630 3528 eins
649 3473 841 3528 constitutione
853 3469 949 3525 volens
961 3469 1088 3526 secedere
1106 3468 1302 3526 dissolveretur
1314 3472 1341 3526 in
1360 3473 1446 3548 ipsius

393 3559 585 3616 confusionom.
621 3556 729 3632 quando
752 3557 822 3610 onim
842 3558 1001 3626 incorporea
1020 3565 1077 3612 orat
1094 3559 1216 3624 materia,
1235 3577 1251 3612 o
1271 3557 1324 3627 fili,
1346 3559 1446 3614 inordi-

392 3657 452 3702 nata
471 3655 541 3709 erat;
560 3644 641 3700 habet
659 3662 723 3698 voro
743 3652 770 3697 et
787 3641 830 3697 ltie
849 3643 919 3698 eirea
938 3642 988 3700 alia
1006 3663 1088 3721 parva
1107 3642 1194 3720 qualia
1213 3644 1323 3702 eandem
1341 3645 1446 3717 revolu-

394 3742 447 3784 tam
462 3728 679 3797 [confusionem]‚
699 3748 811 3804 eaquae
829 3729 928 3786 dieitur
946 3731 1063 3788 acerelio
1083 3740 1110 3786 et
1128 3730 1285 3800 deminutio,
1303 3753 1381 3808 quam
1398 3731 1446 3788 ho·

392 3817 478 3870 mines
495 3823 608 3868 mortem
626 3824 731 3870 vocant.
768 3815 833 3872 haee
854 3837 920 3873 vero
943 3815 1106 3874 inordinatio
1129 3819 1199 3874 eirca
1218 3827 1322 3874 terrena
1341 3819 1373 3874 lit
1391 3821 1445 3874 ani·

393 3900 479 3956 malla.
515 3919 574 3954 nam
593 3899 748 3958 caelestium
766 3923 879 3981 corpora
892 3923 972 3962 unum
985 3903 1084 3960 habent
1096 3903 1225 3972 ordinem,
1245 3925 1324 3980 quem
1342 3913 1445 3981 apatre

391 3997 455 4042 aaut
472 3987 567 4042 sortita
585 4009 599 4042 a
618 3989 762 4066 prinoipi03
780 4000 904 4048 servatur
921 4002 1009 4048 autem
1028 3991 1072 4048 hia
1084 4013 1098 4046 a
1112 3993 1240 4066 cuiusque
1251 3993 1444 4046 instauratione

392 4070 581 4144 indissolutus;
600 4079 758 4132 restauratio
777 4085 865 4132 antem
884 4086 1048 4133 terrenorum
1061 4097 1203 4154 corporum
1217 4076 1375 4130 constitutio
1394 4084 1443 4140 ost,

392 4157 535 4214 dissolutio
558 4181 622 4217 vero
645 4165 703 4238 ipsa
727 4165 888 4218 restauratio
910 4166 1069 4240 incorpora
1093 4181 1161 4237 qnae
1178 4180 1233 4216 non
1251 4159 1444 4227 dissolvuntur,

392 4246 444 4302 laoo
463 4256 504 4302 eat
521 4247 693 4315 immortalia3
711 4259 792 4324 atque
809 4252 847 4306 ita
865 4252 982 4326 privatio
1000 4250 1032 4306 lit
1050 4267 1160 4312 seusus,
1179 4266 1232 4302 non
1251 4256 1337 4304 autem
1358 4247 1444 4324 perdi·

392 4336 429 4390 tio
448 4353 598 4411 corporum.

424 4419 567 4482 ,Tertiam
590 4442 655 4479 vero
679 4421 789 4490 animal,
815 4421 895 4479 homo
923 4423 983 4497 ipse
1011 4419 1045 4476 ad
1067 4421 1205 4491 imaginem
1232 4419 1323 4476 mundi
1351 4420 1445 4484 laetus,
