3517 5434
678 1737 861 1855 Praefatio
889 1779 1048 1854 editoris.

336 2000 387 2130 P
387 2066 437 2130 lus
459 2087 554 2144 quam
578 2060 708 2124 ducenti
730 2058 805 2123 anni
826 2066 911 2142 sunt,
935 2081 975 2124 ex
997 2081 1061 2144 quo
1081 2059 1244 2125 Hermetis
1267 2065 1322 2146 qui
1342 2066 1390 2128 fc-

322 2178 448 2237 runtur
475 2171 550 2236 libri
571 2170 710 2236 Rosselii
737 2191 837 2256 opera
857 2170 892 2234 in
913 2170 1017 2235 lucem
1043 2168 1241 2255 prodierunt.
1286 2191 1389 2258 neque

332 2281 450 2348 nostris
482 2282 680 2368 temporibus
709 2280 964 2364 Poemandrum,
998 2281 1199 2346 notissimum
1227 2263 1406 2350 Hermetis

333 2416 414 2480 opus
432 2392 542 2458 'denuo
562 2394 651 2479 typis
672 2391 889 2458 mandandum
905 2413 973 2458 csse
990 2393 1231 2476 censuissemus,
1254 2394 1315 2459 nisi
1330 2397 1390 2461 mi-

332 2505 424 2570 rifica
443 2504 500 2568 illa
514 2503 779 2588 aegyptiacarum
794 2504 974 2568 litterarum
988 2504 1183 2570 instauratio
1192 2504 1268 2569 huic
1282 2506 1389 2572 libello

279 2600 282 2602 v
334 2613 456 2700 aliquid
477 2613 655 2678 addidisset
675 2615 838 2680 momenti.
869 2637 950 2699 quae
965 2606 1157 2682 instauratio
1177 2616 1312 2702 gloriam
1334 2639 1406 2680 anf

333 2727 493 2811 tiquitatis
515 2725 725 2812 aegyptiacae
747 2734 781 2789 et
802 2727 893 2790 auxit
915 2735 948 2790 et
969 2728 1093 2792 minuit.
1137 2725 1228 2790 auxit
1250 2727 1390 2811 quidem,

334 2834 572 2923 chronologicis
600 2835 877 2920 disquisitionibus
905 2839 1052 2924 Aegypti
1080 2837 1247 2904 historiam
1275 2837 1317 2900 ad
1339 2860 1411 2902 re»

327 2947 510 3012 motissima
520 2955 666 3030 tempora
675 2945 908 3030 protrahend03
923 2948 1039 3012 minuit
1053 2937 1171 3030 autem,
1185 2955 1390 3026 monumenta

334 3055 502 3140 quaedam,
524 3078 585 3140 pro
608 3055 837 3138 antiquissimis
858 3055 984 3140 habita,
1012 3057 1111 3126 aetati
1132 3057 1389 3123 Ptolemaeorum

334 3176 367 3231 et
380 3165 600 3232 Romanorum
622 3164 847 3239 adiudicando.
877 3189 952 3232 nam
973 3171 1125 3254 quattior
1144 3169 1211 3234 fere
1234 3189 1388 3235 annornm

333 3279 421 3343 milia
446 3278 628 3363 principum
657 3277 883 3364 aegyptiorum
910 3280 1017 3365 regnis
1045 3279 1179 3365 impleta
1206 3301 1276 3344 esse
1302 3301 1389 3346 nuno

332 3389 462 3476 plurimi
491 3389 708 3470 consentiunt,
737 3384 920 3453 Caesarum
955 3397 1062 3454 autem
1090 3413 1295 3455 romanorum
1330 3413 1388 3456 no·

333 3502 420 3565 mina
449 3522 550 3584 usque
578 3499 621 3564 ad
645 3498 884 3565 Diocletianum
919 3499 1018 3586 signis
1048 3500 1298 3588 hieroglyphicis
1333 3523 1387 3566 ex-

332 3620 445 3696 pressa
479 3613 577 3676 fixisse
613 3611 754 3705 maxima
796 3611 973 3696 sagacitate
1014 3610 1246 3676 demonstravit
1284 3611 1386 3681 Fran-
1492 3655 1502 3674 .

333 3723 438 3787 niseus
460 3721 673 3809 Champcllio,
694 3743 855 3808 papyrum
877 3719 1070 3786 demotieam
1096 3722 1305 3808 parisiensem
1331 3721 1386 3787 de-

333 3834 416 3898 cimo
438 3833 578 3897 Neronis
601 3850 683 3897 anno
706 3839 870 3896 exaratam
899 3853 967 3896 esse
996 3853 1097 3918 nuper
1124 3833 1276 3917 probavit
1297 3833 1385 3899 Hen-

331 3944 416 4009 ricus
438 3941 649 4030 Brugschins.

362 4142 364 4145 Ι
397 4055 450 4118 De
476 4055 631 4120 librorum
669 4053 916 4119 hermeticorum
949 4061 1054 4118 aetate
1090 4053 1202 4120 eadem
1238 4077 1318 4140 quae
1345 4055 1385 4120 de

331 4155 544 4233 monumentis
567 4165 766 4253 aegyptiacis
789 4165 851 4229 trit
872 4164 1040 4231 dubitatio.
1087 4187 1168 4252 quos
1189 4166 1299 4232 libros,
1311 4177 1405 4230 cum'

332 4275 426 4360 primi
448 4277 602 4361 editores,
623 4277 811 4368 Verginius,
833 4277 991 4362 Flussas,
1006 4276 1184 4359 Patricius,
1205 4275 1309 4342 Mosis
1331 4296 1384 4338 ae·

332 4387 393 4449 tati
415 4388 632 4470 attribuerint,
661 4386 915 4473 venerabilisque
937 4389 1148 4457 bibliothecae
1171 4407 1305 4473 graecae
1327 4407 1383 4449 au-
