3517 5434
738 737 815 804 λόγος
833 735 982 798 καθολιιιός.
1049 761 1050 766 ’
1358 737 1393 790 29

340 889 438 957 τοῦτό
460 898 546 957 ἐστιν
569 889 588 956 6
612 886 704 967 θεός.
727 888 774 976 μη
798 883 856 958 οὖν
880 897 968 983 εἴπης
992 885 1072 957 ἄλλο
1097 915 1127 956 τι
1150 887 1301 976 ἀγαθόν,
1325 895 1393 958 ἐπεὶ

341 1003 483 1089 ἀσεβεῖς,
512 998 534 1082 ἢ
556 998 638 1068 ἄλλο
668 1005 700 1067 τί
721 1027 801 1080 ποτε
823 998 883 1068 τὸν
912 996 997 1068 θεὸν
1018 997 1040 1083 ἢ
1061 1000 1226 1087 μόνοντὰ
1249 1000 1393 1086 ἀγαθόν,

305 1117 407 1183 εὲαεὶ
434 1110 535 1179 πάλιν
557 1111 695 1197 ἀσεβεῖς.
731 1110 818 1199 λόγῳ
840 1116 900 1198 μὲν
931 1105 991 1180 οὖν
1019 1109 1083 1180 ὑπὸ
1112 1109 1245 1182 πάντων
1267 1117 1395 1198 λέγεται
1420 1112 1460 1180 16

338 1219 376 1290 τὸ
402 1221 555 1310 ἀγαθόν,
585 1222 626 1290 οὐ
651 1235 777 1290 νοεῖται
804 1227 839 1292 δὲ
872 1227 907 1289 τί
922 1229 1012 1290 ’ποτε
1044 1231 1133 1292 ἐστιν
1158 1220 1222 1292 ὑπὸ
1250 1223 1392 1292 πάντων.

337 1331 394 1400 διὰ
415 1338 511 1402 τοῦτο
535 1333 610 1402 οὐδὲ
631 1334 650 1401 6
675 1330 760 1413 θεὸς
781 1344 906 1405 νοεῖται
927 1331 991 1402 ὑπὸ
1014 1332 1164 1417 πάντων,
1179 1333 1246 1403 ἀλλ’
1271 1334 1393 1422 ἀγνοίᾳ

303 1470 318 1519 6
337 1449 393 1512 καὶ
416 1441 491 1522 τοὺς
514 1443 616 1522 θεοὺς
638 1449 695 1511 καί
717 1471 810 1523 τινας
838 1451 903 1514 τῶν
926 1444 1116 1535 ἀνθρώπων
1139 1444 1294 1532 ἀγαθοὺς
1317 1446 1403 1515 ὀνο-Ι

335 1554 490 1641 μάζουσι,
512 1559 674 1643 μηδέποτε
697 1559 898 1644 δυναμένους
919 1555 1001 1644 μήτε
1025 1554 1107 1625 εἶναι
1128 1555 1210 1644 μήτε
1233 1563 1392 1642 γενέσθαι

336 1663 388 1733 ἄν.
413 1664 669 1756 ἀλλοτριώτατα
690 1666 754 1757 γάρ
779 1675 840 1736 εἰσι
855 1671 916 1735 τοῦ
930 1671 1025 1749 θεοῦ,
1041 1663 1079 1736 τὸ
1096 1673 1129 1737 δὲ
1145 1665 1285 1759 ἀγαθὸν
1307 1669 1392 1758 ἀχώ·

302 1801 450 1866 θριστον
473 1781 533 1844 τοῦ
555 1780 655 1856 θεοῦ,
678 1777 722 1855 ὡς
743 1776 845 1856 αὐτὸς
867 1779 885 1846 6
909 1776 992 1857 θεὸς
1014 1774 1060 1846 ata
1082 1777 1120 1846 τὸ
1142 1779 1289 1866 ἀγαθόν.
1314 1785 1392 1848 θεοὶ
1449 1835 1450 1838 ,

336 1893 396 1972 μὲν
419 1881 479 1954 οὖν
502 1893 534 1953 οἱ
556 1884 654 1953 ἄλλοι
675 1885 794 1963 πάντες
816 1887 990 1954 ἀθάνατοι
1006 1893 1165 1972 λέγονται,
1188 1897 1392 1977 τετιμημένοι

337 2003 376 2088 τῇ
396 2001 457 2064 τοῦ
479 1999 564 2063 θεοῖ
578 2001 802 2085 προσηγορίᾳ·
826 1996 844 2063 6
868 2000 903 2064 δὲ
925 1993 1009 2074 θεὸς
1030 1993 1069 2063 τὸ
1086 1996 1231 2083 ἀγαθόν,
1254 1999 1294 2067 οὐ
1306 1999 1392 2066 κατὰ

286 2135 318 2186 12
336 2105 448 2194 τιμήν,
478 2103 565 2174 ἀλλὰ
586 2102 672 2174 aare}
695 2104 804 2196 φύσιν.
827 2111 889 2196 μία
911 2103 976 2197 γὰρ
999 2108 1019 2190 ἡ
1043 2107 1142 2199 φύσις
1163 2113 1223 2177 τοῦ
1245 2113 1332 2178 θεοῦ
1354 2107 1392 2179 ut

336 2216 475 2304 ἀγαθὸν
497 2223 552 2286 καὶ
575 2221 610 2284 ἓν
632 2222 725 2300 γένος
747 2218 959 2310 ἀμφοτέρων,
989 2215 1023 2300 ἐξ
1046 2213 1086 2288 οὗ
1107 2219 1150 2286 τὰ
1171 2227 1248 2306 γένη
1271 2221 1390 2291 πάντα.

298 2317 300 2321 ’
336 2329 354 2395 6
377 2325 442 2417 γὰρ
465 2325 602 2416 ἀγαθὸς
625 2327 758 2395 ἅπαντα
781 2337 849 2396 ἐστι
872 2326 983 2408 διδοὺς
1005 2335 1060 2398 καὶ
1082 2334 1185 2417 μηδὲν
1200 2331 1389 2420 λαμβάνον.

286 2470 316 2518 15
336 2439 354 2506 6
378 2434 438 2507 οὖν
460 2437 543 2519 θεὸς
557 2438 668 2508 πάντα
683 2443 798 2509 δίδωσι
819 2445 876 2510 καὶ
892 2441 986 2510 οὐδὲν
1000 2441 1171 2529 λαμβάνει
1196 2443 1214 2511 6
1232 2436 1291 2512 οὖν
1307 2443 1390 2522 θεὸς

336 2549 501 2636 τάγαθόν,
523 2555 580 2619 καὶ
601 2546 640 2618 τὸ
664 2547 804 2649 ἀγαθὸν
826 2551 844 2618 6
870 2551 961 2632 θεός.
984 2553 1006 2634 ἡ
1029 2557 1063 2622 δὲ
1078 2559 1172 2644 ἑτέρα
1187 2562 1393 2645 προσηγορία
1418 2561 1459 2630 17

405 2788 431 2840 3.
450 2779 497 2842 οὖν
515 2808 566 2840 om.
585 2788 651 2840 Patr.
688 2787 714 2840 5.
733 2788 816 2842 διὰ·
824 2785 928 2850 πάντων
937 2810 987 2843 nm.
998 2791 1063 2845 Patr.
1099 2790 1125 2844 8.
1145 2787 1391 2864 ἀλλοτριώτατα-

376 2923 379 2931 ,
407 2868 515 2939 ἀγαθόν
533 2893 583 2924 om.
602 2872 670 2923 Patr.
690 2868 704 2939 Η
742 2869 955 2942 ἆλλοτριῶτατον
974 2890 998 2926 et
1016 2879 1073 2930 ἔστι
1089 2879 1113 2928 A
1132 2877 1211 2930 Turn.
1237 2879 1262 2932 8.
1272 2879 1297 2932 9.
1313 2883 1392 2944 θεοῦ,

408 2955 441 3016 ὥς
460 2959 505 3009 καλ
523 2951 685 3026 ἀχώριστον,
708 2952 791 3016 αὐτὸς
810 2955 824 3008 6
844 2958 911 3016 θεὸς
929 2955 971 3010 ὤν.
991 2963 1054 3012 θεοὶ
1071 2967 1117 3028 μὲν
1131 2964 1162 3010 A.
1244 2963 1284 3014 10.
1303 2967 1391 3030 λέγοιι

406 3041 462 3108 ται]
481 3041 517 3094 sic
534 3041 565 3103 Β,
583 3061 634 3094 om.
653 3041 750 3110 reliqui.
841 3041 880 3093 13.
899 3041 983 3109 γένος]
1002 3040 1139 3114 γενόμενος
1158 3049 1187 3119 A.
1279 3047 1320 3100 16.
1340 3045 1390 3101 sri-

406 3125 508 3195 γαθόν]
525 3126 561 3178 sic
578 3127 656 3191 Patr„
672 3122 782 3194 ἀγαθόν
800 3125 898 3195 reliqui.

336 3354 394 3390 rum
413 3344 441 3390 et
457 3337 678 3414 incorporeorum
701 3345 728 3391 et
750 3333 918 3391 sensibilium
938 3343 964 3390 et
986 3333 1202 3408 intelligibilium.
1225 3335 1277 3394 hoc
1301 3339 1390 3417 ipsum

334 3423 435 3479 bunum
454 3432 504 3491 est,
524 3423 590 3480 dens
608 3425 676 3500 ipse.
695 3441 729 3476 ne
747 3440 810 3497 ergo
830 3419 932 3476 dixeris
951 3418 1024 3476 aliud
1042 3420 1106 3497 quid
1125 3422 1223 3479 bonum
1242 3445 1311 3494 esse,
1329 3445 1390 3482 nam

335 3509 433 3584 impius
452 3529 536 3574 esses,
555 3519 601 3564 aut
618 3508 691 3565 aliud
710 3507 775 3584 quid
793 3527 908 3582 unquam
928 3505 1005 3562 deum
1024 3527 1093 3576 esse,
1112 3511 1164 3564 nisi
1177 3509 1264 3566 sulum
1281 3512 1390 3580 honum,

335 3614 395 3648 nam
413 3615 506 3650 rursus
525 3596 623 3672 impius
642 3615 726 3650 esses.
763 3613 887 3648 sermone
905 3591 1013 3667 quidem
1035 3592 1069 3648 ab
1088 3595 1210 3651 omnibus
1229 3595 1328 3652 dicitur
1345 3598 1391 3653 bo·

335 3698 406 3745 num,
425 3699 478 3734 nun
497 3679 653 3752 intelligitur
670 3679 803 3734 tamenab
822 3679 956 3746 omnibus,
976 3678 1041 3754 quid
1059 3681 1101 3736 sit.
1130 3680 1229 3756 quade
1248 3701 1341 3738 caussa
1356 3703 1388 3738 ne

335 3762 402 3819 (leus
421 3765 529 3839 quidem
548 3764 709 3838 intelligitur
726 3765 759 3820 ab
778 3765 917 3832 omnibus,
941 3765 988 3820 sed
1012 3785 1061 3842 per
1084 3768 1258 3842 ignorantiam
1277 3778 1305 3824 et
1323 3768 1389 3824 deos

335 3858 363 3904 et
383 3847 521 3905 hominum
543 3849 674 3924 quosdam
696 3849 783 3905 bonos
806 3852 957 3917 nominant,
981 3872 1040 3906 cum
1063 3871 1195 3920 nunquam
1218 3853 1261 3909 vel
1284 3857 1391 3932 possint

335 3954 395 3990 esse
414 3933 458 3990 vel
476 3934 544 3991 fieri.
570 3934 727 3990 alienissimi
749 3937 819 3990 enim
842 3946 906 3992 sunt
929 3958 942 3990 a
962 3936 1020 3992 deo.
1045 3937 1144 3993 benum
1168 3948 1253 4012 autem
1272 3945 1391 4016 separari

333 4041 347 4075 a
367 4019 418 4076 deo
437 4023 540 4096 nequit,
559 4019 706 4077 eumeleus
726 4023 785 4098 ipse
803 4021 903 4078 bunum
923 4025 964 4078 sit.
986 4023 1023 4079 dii
1042 4022 1150 4098 quidem
1169 4024 1214 4080 alii
1234 4046 1325 4083 omnes
1344 4029 1391 4083 im·

333 4106 459 4163 mortales
478 4107 604 4164 dicuntur
626 4105 751 4163 honorati
774 4107 818 4163 dei
840 4101 1033 4186 appellatione;
1056 4109 1105 4165 sed
1128 4109 1195 4166 deus
1213 4111 1312 4168 bonum
1335 4133 1389 4168 nou

333 4189 436 4247 honore
455 4193 505 4248 sed
522 4203 624 4249 natura.
644 4214 695 4249 una
714 4195 784 4249 enim
802 4204 896 4251 natura
916 4194 959 4250 dei
978 4195 1077 4252 honum
1095 4197 1183 4274 ipsum
1202 4207 1229 4253 et
1247 4219 1328 4256 unum
1346 4219 1390 4276 ge·

334 4294 384 4330 nus
402 4278 551 4347 amborum,
575 4300 610 4335 ex
629 4299 683 4355 qun
701 4301 797 4356 genera
815 4283 909 4336 omnia.
934 4301 1048 4357 namque
1065 4282 1152 4340 bonus
1172 4287 1259 4340 omnia
1278 4285 1389 4359 largitur

333 4370 361 4415 et
379 4361 445 4417 nihil
465 4366 569 4440 accipit.
593 4364 660 4422 deus
683 4367 764 4442 igitur
787 4370 873 4424 omnia
897 4366 943 4422 dat
965 4376 992 4421 et
1014 4367 1082 4424 nihil
1105 4371 1210 4444 ancipit.
1235 4369 1302 4426 deus
1325 4389 1388 4445 ergo

332 4445 432 4503 bunum
451 4457 478 4503 et
500 4449 600 4505 bonnm
623 4449 699 4507 deus.
722 4452 804 4510 altera
829 4463 917 4510 autem
939 4453 1084 4529 appellatio
1108 4465 1150 4512 est
1171 4457 1271 4531 patris,
1294 4475 1387 4513 rursus
