3517 5434
307 717 361 770 cap.
381 701 404 752 1.
437 688 440 693 ’
741 694 919 768 Ποιμάνδρης.
1340 691 1359 744 9

370 836 516 939 Ἐγένετο
541 843 616 932 οὖν,
644 849 687 929 ὡς
709 854 807 942 έφην,
836 854 902 918 τῶν
929 842 1013 916 διττοὶ
1040 843 1164 914 τούτων
1192 844 1214 926 ἡ
1237 849 1360 930 γένεσις
1384 847 1426 915 17

308 966 422 1049 τοιῷδε
447 959 567 1052 τρόιιφ.
596 957 748 1044 θηλυιιόν
768 957 833 1048 γὰρ
856 961 875 1028 ὁ
898 956 979 1048 ἀήρ,
1000 961 1056 1026 καὶ
1076 955 1164 1046 ὕδωρ
1186 955 1360 1045 ὀχευτικύν.

274 1090 289 1141 3
309 1072 347 1141 τὸ
362 1077 396 1141 δὲ
411 1080 446 1140 ἐκ
466 1067 569 1163 πυρὸς
589 1079 750 1162 πέπειραν,
773 1079 808 1138 ἐκ
829 1075 863 1140 δὲ
884 1074 1023 1158 αἰθέρος
1044 1067 1083 1136 τδ
1103 1071 1232 1154 πνεῦμα
1252 1070 1360 1154 ἔλαβε.

309 1191 365 1252 καὶ
387 1182 555 1270 ἐξήνεγκεν
577 1184 599 1266 ἡ
623 1182 721 1277 φύσις
743 1180 940 1270 τὰσώματα
954 1177 1037 1272 πρὸς
1059 1175 1098 1247 τὸ
1120 1177 1206 1258 εἶδος
1220 1182 1279 1247 τοῦ
1302 1177 1362 1246 ἄν·

310 1295 457 1386 θρώπου.
482 1295 500 1362 ὁ
524 1298 558 1363 δὲ
581 1290 763 1384 ἄνθρωπος
786 1302 820 1362 ἐκ
842 1288 1145 1394 ζυζῆρφκαλρμτδς
1167 1295 1292 1378 ἐγένετο
1317 1297 1362 1368 εἰς

275 1423 290 1474 6
310 1404 608 1500 mermi-rufin
630 1414 665 1472 ἐκ
687 1410 748 1494 μὲν
769 1408 853 1487 ζωῆς
866 1413 912 1484 εὶς
929 1401 1049 1498 φυγήν,
1070 1410 1105 1470 ἐκ
1128 1405 1162 1470 δὲ
1185 1399 1296 1493 φωτὸς
1317 1407 1363 1478 alc

309 1522 398 1585 νοῦν.
433 1523 489 1586 καὶ
518 1523 641 1604 ἔμεινεν
669 1515 755 1584 ούτιο
784 1514 828 1584 τὰ
855 1514 967 1584 πάντα
995 1518 1077 1601 μέλη
1106 1517 1167 1582 τοῦ
1194 1514 1364 1594 αἰσθητοῦ

310 1628 436 1716 κόσμου
462 1634 557 1718 μέχρι
574 1626 738 1718 Ὕνιεριόδου
765 1632 880 1706 τέλους
906 1627 1015 1716 ἀρχῶν
1042 1629 1100 1692 καὶ
1127 1629 1239 1711 γενῦν.
1269 1617 1366 1690 ἄκουε
1390 1624 1432 1695 18

276 1737 427 1808 υλουτὸν
441 1738 496 1808 δν
524 1746 645 1820 ποθεῖς
673 1738 775 1827 λόγον
802 1739 953 1808 ἀκοῦσαι.
981 1743 1040 1822 τῆς
1065 1734 1219 1826 περιόδου
1240 1738 1364 1816 πετιλη-

297 1857 457 1938 ’ρωμένης
490 1850 596 1933 ἐλύθη
625 1852 643 1918 ὁ
671 1849 805 1918 πάντων
840 1847 1021 1936 σύνδεσμος
1050 1856 1084 1916 tx
1111 1851 1235 1934 βουλῆς
1269 1849 1364 1912 θεοῦ.

310 1959 421 2028 πάντα
449 1958 514 2050 γὰρ
536 1958 579 2028 τοὶ
600 1963 667 2042 ζῶα
689 1958 921 2052 ἀρρενοθήλεα
949 1957 1031 2027 ὄντα
1060 1957 1201 2026 διελύετο
1224 1954 1295 2045 ἅμα
1317 1959 1365 2042 τῷ

262 2091 295 2142 12
312 2069 497 2161 ἀνθρώπῳ,
524 2072 580 2140 καὶ
610 2075 736 2158 ἐγένετο
766 2065 807 2137 τοὶ
832 2074 894 2157 μὲν
920 2065 1074 2159 ἁρρενικολ
1096 2077 1131 2139 ἐν
1152 2075 1243 2162 μέρει
1264 2064 1306 2134 rol
1329 2071 1364 2134 δὲ

311 2179 446 2264 θηλυκολ
469 2183 600 2272 ὁμοίως.
630 2182 648 2249 ὁ
672 2185 706 2249 δὲ
728 2178 813 2261 θεὸς
834 2177 937 2262 εύθῦς
960 2178 1047 2267 εἶπεν
1068 2181 1152 2269 ἁγίῳ
1175 2179 1276 2268 λόγῳ,
1297 2178 1364 2248 ἀῦ-

383 2409 412 2459 tl
433 2427 511 2477 φησιν
533 2426 611 2473 marg.
634 2407 665 2460 Β.
751 2407 774 2460 l.
793 2405 827 2468 ὦς
844 2410 906 2478 lona
925 2425 983 2458 eras.
1003 2405 1034 2460 B.
1123 2405 1149 2456 2.
1175 2405 1291 2472 θηλυκὸν
1313 2403 1366 2474 γὰρ

385 2488 483 2562 ὁάήρ]
511 2493 546 2544 sic
564 2495 632 2546 Patr.
668 2492 771 2562 θηλυκὴ
789 2491 822 2560 γῦγ
847 2485 879 2560 ἦν
905 2493 1005 2562 reliqui.
1093 2489 1120 2542 3.
1139 2489 1260 2561 αἰθέρος]
1280 2485 1366 2559 ’ἇέρος

383 2578 464 2630 Fluas.
550 2577 576 2632 6.
595 2579 619 2631 7.
637 2583 674 2639 εἰς
691 2593 747 2630 ante
764 2577 852 2648 ψυχὴν
870 2593 893 2629 et
910 2594 966 2630 aute
985 2577 1046 2631 νοῦν
1069 2598 1120 2630 om.
1141 2578 1172 2628 A.
1192 2577 1272 2629 Turn.
1299 2575 1368 2627 Patr.

385 2663 410 2717 7.
428 2663 501 2733 μέλη]
520 2664 555 2716 aie
573 2665 651 2728 Patr„
668 2687 719 2717 om.
738 2663 838 2734 reliqui.
918 2663 943 2716 8.
963 2660 1050 2736 οἶρχῦιν
1073 2664 1118 2715 καλ
1135 2661 1223 2730 γενῦν]
1247 2661 1282 2714 sic
1299 2651 1368 2713 Patr.

385 2743 471 2818 ἅρχων
487 2749 566 2818 γενῦν
584 2754 615 2813 Α,
633 2754 679 2803 καὶ
696 2746 782 2821 οἷρχῶν
799 2751 876 2818 γενῦν
894 2751 924 2802 B.
978 2749 1004 2802 9.
1024 2745 1053 2802 ῦν
1072 2771 1122 2803 om.
1139 2749 1206 2802 Patr.
1226 2745 1240 2818 ΙΙ
1276 2745 1366 2816 λόγον]

385 2834 465 2901 λόγου
483 2836 548 2886 l‘atr.
620 2834 662 2887 ll.
681 2831 847 2905 ἇρρενύθηλυ
866 2839 889 2886 Α
908 2837 988 2888 Turn.
1002 2837 1087 2894 ‚Flusa
1106 2835 1172 2888 Patr.
1245 2835 1286 2888 13.
1307 2832 1321 2886 ὁ
1340 2835 1367 2886 δὲ

386 2919 453 2976 θεὸς
476 2914 570 2983 εῦθῦς]
597 2921 667 2986 quod
688 2919 799 2986 sequitur
820 2921 933 2970 scholion
956 2920 1059 2970 seorsim
1083 2920 1176 2970 editum
1199 2936 1265 2971 este
1283 2919 1368 2970 codice

385 3017 470 3054 noalro
488 3002 511 3052 B
530 3024 544 3054 a
562 3003 594 3054 V.
612 3003 650 3064 Cl.
668 3002 822 3054 Boissonade
840 3002 866 3052 in
886 3004 951 3055 libro
970 3003 1010 3054 cui
1028 3003 1124 3058 titulus:
1144 3003 1255 3056 Michael
1272 3004 1367 3056 Psellus

386 3091 417 3140 ‹le
434 3089 578 3159 operatione
595 3089 756 3142 daemonum.
777 3087 957 3154 Norimbergae
976 3087 1052 3142 1838.
1070 3087 1094 3142 8.
1113 3111 1140 3158 p.
1154 3089 1213 3153 153,
1233 3090 1292 3144 154.
1313 3088 1367 3143 Τοῦ

388 3178 495 3228 Ψελλου.
527 3171 626 3228 Ἔοικεν
644 3174 660 3228 δ
677 3176 740 3244 γόης
758 3166 835 3234 οὗτος
853 3177 889 3249 τῇ
907 3179 973 3246 θεία
990 3173 1079 3248 γραφῇ
1101 3170 1133 3227 οῦ
1151 3179 1286 3249 παρέργοις
1304 3175 1368 3247 ὡμι-

384 3264 498 3330 ληκέναι·
517 3260 584 3315 ὅθεν
602 3267 629 3314 ἐκ
647 3259 747 3329 ταύτης
766 3260 916 3333 ὁρμώμενος
933 3261 966 3336 τῇ
981 3265 1146 3332 κοσμοποιίρι
1158 3266 1286 3336 ἐπιχειρεῖ,
1303 3264 1368 3334 μηδὲ

387 3343 472 3408 αῦτσὶς
489 3343 570 3402 δκνῶν
587 3348 638 3408 τοὶς
654 3348 792 3418 μωσαῖκοὶς
814 3350 891 3408 λέξεις
914 3347 992 3412 ψιλοὶς
1013 3351 1095 3402 ἐνίοτε
1114 3345 1284 3422 ἀναγράφειν.
1316 3343 1368 3408 Ὣς

317 3571 344 3616 et
365 3563 445 3638 cupio
467 3561 568 3618 aurlire.
590 3583 625 3618 ue
646 3581 781 3625 excurram
803 3572 831 3617 et
852 3560 1018 3620 Poemauder
1040 3561 1120 3618 dixit:
1148 3561 1204 3618 sed
1227 3562 1291 3631 sile,
1314 3581 1368 3617 nou

316 3648 386 3702 euim
405 3646 491 3702 adhue
510 3647 558 3703 tibi
577 3646 708 3724 explicavi
726 3650 840 3726 primum
857 3669 1015 3706 sermonem.
1051 3648 1123 3704 Eece
1141 3647 1218 3717 sileo,
1237 3647 1292 3704 (lixi
1310 3666 1367 3721 ego.

369 3731 451 3788 Facta
468 3735 558 3807 igitur,
577 3744 607 3788 ut
624 3733 690 3802 dixi,
707 3744 810 3810 septem
823 3733 918 3792 horum
929 3736 1048 3810 genitura
1067 3731 1115 3790 tali
1132 3733 1220 3790 modo.
1240 3734 1368 3790 semineus

317 3820 388 3875 enim
405 3827 464 3873 erat
480 3825 536 3884 aer,
554 3839 622 3894 aqua
639 3817 722 3874 salax.
741 3822 847 3895 exigue
862 3822 1049 3888 maturitatem,
1066 3841 1100 3878 ex
1118 3820 1226 3876 aethere
1237 3840 1302 3876 vero
1314 3821 1368 3897 spi-

317 3907 397 3962 ritum
414 3902 526 3979 accepit
549 3914 577 3960 et
594 3903 707 3981 protulit
723 3915 817 3962 natura
834 3926 948 3982 corpora
966 3906 1001 3962 ad
1018 3905 1130 3962 formam
1146 3906 1271 3962 hominis.
1288 3904 1368 3960 homo
1437 3906 1438 3909 ’

316 4011 381 4046 vero
400 4011 434 4046 ex
452 3996 505 4046 vita
525 4001 553 4046 et
571 3989 630 4047 luce
648 3989 736 4049 laetus
754 4001 796 4048 eat
813 3994 841 4048 in
860 3995 972 4048 animam
991 4003 1019 4048 et
1036 4003 1164 4060 mentem,
1188 4013 1220 4048 ex
1238 3993 1295 4048 vita·
1311 3993 1369 4066 qui·

317 4077 378 4132 dem
395 4079 562 4151 inflaturam,
581 4098 614 4134 ex
631 4077 692 4134 lace
709 4098 774 4147 vero
792 4080 820 4134 in
838 4087 960 4134 mentem.
979 4088 1007 4134 et
1024 4087 1209 4136 remanserunt
1226 4080 1262 4133 ita
1281 4077 1368 4133 omnia
1446 4105 1447 4109 ¹

315 4163 438 4218 membra.
455 4164 593 4220 sensibilis
614 4164 707 4223 muudi
728 4185 816 4242 usque
833 4164 867 4220 ad
885 4164 966 4220 finem
984 4167 1113 4222 circuitus
1130 4166 1324 4242 principiorum
1342 4173 1370 4219 et

317 4267 448 4322 generum
472 4250 533 4307 audi
557 4252 664 4310 tandem
688 4269 765 4329 qoem
788 4253 864 4329 eopia
881 4271 1033 4308 sermonem
1051 4250 1151 4308 audire.
1176 4250 1306 4328 completa
1324 4269 1370 4326 pe·

318 4334 396 4390 riodo
423 4335 540 4392 solutum
561 4348 605 4394 eet
625 4340 818 4396 universorum
844 4336 980 4394 vinculum
1003 4358 1037 4394 ex
1060 4337 1173 4394 consilio
1202 4337 1252 4393 dei.
1282 4337 1369 4410 omnia

318 4441 431 4496 namque
443 4420 565 4478 mimalia
577 4444 637 4480 eum
648 4425 705 4480 sint
721 4423 892 4491 marilemiua‚
906 4423 1078 4481 solvebantur
1089 4422 1168 4478 simol
1182 4443 1241 4480 cum
1254 4421 1369 4490 homine,
