3517 5434
879 679 916 722 Ν

342 832 428 899 ζουσι
455 830 508 910 τήν
535 832 594 890 τῶν
624 827 706 890 ὅλων
737 828 925 911 οἰκονομίαν.
972 829 1023 891 καὶ
1048 827 1130 897 ὅλως
1153 830 1202 892 ’.δν
1224 830 1293 912 περὶ
1313 831 1458 915 προνοίας

341 926 460 987 ἅπαντα
481 924 571 1008 λύγον
592 926 820 1010 κεφαλαιωδῶς
838 927 1077 1011 περιλαμβάνει,
1102 926 1284 995 ἀποδεικνύς
1306 931 1348 996 ὡς
1371 929 1456 990 οὐδε-

342 1025 395 1106 μία
427 1024 541 1106 ἀνάγκη
573 1021 717 1106 δευτέραν
745 1021 810 1084 τινὰ
835 1024 886 1086 καὶ
911 1023 1048 1086 ἐναντίαν
1073 1024 1170 1108 ἀρχὴν
1193 1029 1237 1109 τῷ
1256 1025 1322 1110 θεῷ
1343 1025 1376 1089 ἐκ
1396 1030 1455 1088 τῶν

339 1121 526 1204 πραγμάτων
558 1120 710 1183 ὑπονοεῖν.
752 1116 791 1183 Ὃ
814 1122 911 1204 τρίτος
935 1121 1010 1204 ὑπὲρ
1033 1124 1087 1183 τοῦ
1110 1119 1206 1205 νύμου
1231 1123 1281 1186 καὶ
1303 1128 1361 1186 τῶν
1385 1147 1455 1208 προ-

340 1223 445 1303 φητῶν
467 1221 599 1280 ποιεῖται
622 1217 713 1301 λύγον
738 1222 780 1287 ὡς
799 1218 884 1302 παρὰ
903 1224 957 1282 τοῦ
975 1218 1052 1280 θεοῦ
1069 1218 1169 1301 πάσης
1184 1223 1236 1302 τῆς
1249 1223 1381 1290 παλαιᾶς
1394 1223 1455 1284 διοι-

339 1316 438 1398 θήκης
466 1315 610 1398 δοθείσης
638 1317 689 1379 καὶ
715 1318 758 1382 ὡς
781 1315 872 1378 οὐδὲν
894 1322 952 1378 τῶν
977 1314 1085 1378 αὐτόθι
1106 1317 1329 1401 πεπραγμένων
1350 1343 1383 1382 τε
1405 1321 1455 1382 καὶ

340 1413 533 1497 λελεγμένων
568 1413 696 1497 εύλογύν
726 1437 791 1476 τινα
820 1413 1004 1498 κατηγορίαν
1035 1411 1101 1497 ἔχει
1128 1419 1181 1476 τοῦ
1210 1416 1393 1499 ποιήσαντύς
1423 1441 1455 1480 τε

338 1512 389 1574 καὶ
422 1513 627 1595 λαλήσαντος,
657 1511 707 1585 καὶ
729 1514 771 1579 ὡς
791 1509 914 1594 συνῳδὰ
935 1510 1032 1573 πάντα
1056 1515 1095 1594 τγῙ
1117 1517 1208 1597 καινήΙ
1231 1513 1381 1598 διαθήκη,
1413 1518 1455 1584 ὥς

340 1609 419 1692 μηδὲ
449 1609 589 1670 ἐντεῦθεν
614 1609 746 1691 ἀνάγκην
771 1606 848 1669 εἶναι
869 1607 1015 1690 δευτέραν
1040 1608 1105 1671 τινὰ
1127 1611 1177 1672 καὶ
1198 1611 1333 1673 ἐναντίαν
1356 1613 1453 1696 ἀρχήν
1620 1635 1621 1640 ’

338 1712 382 1792 τιγῖ
402 1706 469 1791 θεῷ
489 1707 642 1769 ὑπονοεῖν.
683 1707 699 1768 6
727 1704 869 1789 τέταρτος
895 1705 1011 1789 ἐξαιρεῖ
1031 1707 1081 1768 καὶ
1102 1707 1155 1790 τἠν
1179 1709 1284 1790 καινὴν
1305 1709 1452 1793 διαθήκην

338 1809 391 1887 τῆς
413 1805 537 1868 ἐκείνων
558 1804 636 1868 κατὰ
656 1804 732 1866 θεοῦ
755 1804 970 1888 βλασφημίας,
1002 1808 1044 1872 ὡς
1072 1805 1147 1867 οὐδὲ
1169 1806 1246 1888 πρὸς
1267 1805 1359 1888 αὐτὴν
1382 1829 1452 1869 παν-

337 1906 435 1970 τελῶς
463 1900 597 1987 ἐχόντων
627 1902 693 1964 τινὰ
722 1903 883 1965 κοινωνίαν
906 1902 957 1963 καὶ
980 1905 1023 1968 ὡς
1046 1904 1142 1986 μάτην
1165 1903 1355 1988 ἐκβιάζονται
1377 1903 1453 1988 μέρη

336 1999 371 2084 γέ
401 2023 467 2062 τινα
494 1999 606 2084 ταύτης
631 1999 710 2082 πρὸς
737 1999 879 2060 σύστασιν
908 2004 962 2080 τῆς
991 1998 1091 2061 αὐτῶν
1121 2001 1264 2086 ἀσεβείας
1291 2003 1342 2063 καὶ
1370 2004 1452 2083 ὡςή

337 2099 415 2162 κατὰ
445 2098 496 2161 τδν
525 2100 669 2183 διάβολον
697 2095 843 2162 ὑπόθεσις
870 2095 960 2157 οῦδὲν
992 2096 1097 2166 αὐτοῖς
1126 2098 1299 2183 συναίρεται
1327 2100 1404 2184 πρδς
1435 2099 1454 2161 ἃ

337 2197 461 2280 λέγουσι
485 2195 562 2259 κατὰ
586 2196 673 2257 θεοῦ.

421 2307 517 2358 restat
544 2306 577 2355 ut
605 2297 678 2373 quid
704 2296 826 2354 codices
853 2295 1020 2371 praebeant
1048 2297 1085 2356 iis
1114 2296 1190 2354 locis
1221 2297 1346 2354 doceam
1375 2317 1453 2372 quae

336 2417 405 2455 meo
433 2396 570 2474 periculo
594 2402 710 2452 mutata
737 2395 833 2468 edidi,
867 2413 927 2470 quo
957 2395 988 2452 in
1012 2395 1135 2471 negotio
1159 2395 1338 2470 exequendo
1361 2395 1452 2452 inter·

335 2496 509 2572 punctionis
531 2502 706 2552 accentuum
730 2493 890 2570 spirituum
913 2509 1014 2550 curam
1038 2491 1150 2548 nullam
1173 2492 1301 2549 habebo.

361 2595 432 2665 1,8
476 2591 552 2651 ὀδὲ
577 2590 681 2672 μανεὶς
704 2589 737 2651 έκ
950 2590 1040 2662 16,3
1086 2587 1196 2669 φάσκει
1221 2586 1275 2668 μὲν

416 2693 448 2749 11
476 2688 873 2771 κακ.προ”ι“ὼνάντέστησεν
950 2686 997 2758 17,
1025 2687 1061 2743 18
1084 2687 1137 2744 τοῦ
1160 2683 1266 2766 γηῖνου
1288 2684 1341 2766 τήν

358 2791 429 2862 2,2
475 2784 614 2870 ἀσεβεῖν,
646 2785 873 2871 πραττομένους
949 2785 997 2857 18,
1022 2786 1060 2843 32
1086 2780 1211 2865 φονεύει

474 2884 547 2968 παρ’
573 2885 667 2948 αὐτοῦ
947 2882 998 2956 21,
1021 2883 1062 2941 20
1083 2884 1221 2962 προσῆκε
1244 2879 1310 2962 μετ’
1336 2879 1451 2940 ἐκεῖνον

415 2985 452 3043 18
475 2987 599 3065 τιμήσαι
946 2981 997 3056 22,
1024 2981 1060 3040 16
1085 2975 1218 3060 δρύντων

414 3084 452 3142 19
476 3085 572 3163 μισῶν
946 3080 1039 3152 26,9
1084 3075 1283 3159 θαρσαλαίως

411 3183 452 3242 28
476 3178 678 3263 ἀπενέγκηται
1022 3177 1060 3236 91
1085 3175 1220 3255 γεγονώς

412 3282 452 3340 30
476 3278 587 3361 ύδρῶτι
730 3330 734 3335 .
947 3276 999 3346 27,
1025 3274 1062 3333 15
1086 3271 1218 3353 ἀξιῶμεν

357 3381 387 3452 5,
414 3380 445 3438 11
473 3374 693 3457 παρεγγεῖαθαι
896 3309 899 3526 1
1025 3371 1063 3430 23
1088 3368 1137 3430 ἐπὶ
1159 3372 1202 3452 τῷ
1224 3366 1302 3429 πολὺ

411 3477 451 3535 35
476 3471 524 3556 ἄρ’
549 3470 602 3534 οὖν
628 3471 688 3554 θπη
1022 3471 1061 3528 21
1086 3467 1183 3534 ἁπλδς
1204 3463 1370 3548 ὠφέλημος

357 3577 387 3647 6,
410 3576 460 3637 25.
482 3575 523 3633 26
547 3568 595 3652 ἀρ’
622 3565 675 3629 οῦν
701 3567 844 3649 ἑκάτερον
1024 3569 1071 3628 27.
1095 3567 1135 3626 28
1160 3568 1282 3647 σῶφρον
1380 3567 1382 3572 '

412 3675 452 3733 27
477 3670 563 3749 δνομ.
589 3664 720 3746 εύδηλον
742 3667 785 3730 ὡς
897 3703 900 3752 i
947 3666 999 3739 29,
1022 3668 1061 3724 37
1087 3660 1325 3742 εὐδοκημήσεως

412 3772 453 3828 39
477 3764 540 3826 ’ίδια
897 3758 900 3832 1
947 3766 998 3837 30,
1027 3765 1062 3822 16
1086 3757 1291 3839 εύδυκήμησιν

356 3871 387 3941 8,
411 3869 429 3926 2
474 3859 638 3943 ἀγέννητον
738 3888 740 3892 “
897 3835 899 3914 1
948 3865 999 3936 31,
1028 3864 1036 3918 1
1087 3855 1272 3940 ἀναβεβήκει

331 3978 336 3988 ·
413 3963 454 4021 26
478 3956 555 4019 είπω
897 3950 900 4034 1
1024 3961 1040 4016 1
1087 3953 1367 4035 δημιουργήσαντος

356 4062 387 4134 9,
414 4060 452 4117 13
473 4061 531 4140 γήν
552 4055 609 4141 γὰρ
897 4039 900 4102 1
947 4059 999 4131 32,
1023 4059 1041 4116 6
1087 4052 1115 4112 εἰ
1137 4049 1225 4133 τύχοι
1247 4049 1266 4131 ή
1291 4071 1342 4132 πρ.

339 4160 387 4233 10,
411 4157 451 4218 23
474 4156 639 4239 προσήκειν
947 4157 999 4230 33,
1026 4156 1038 4213 1
1087 4145 1262 4228 διανήξηται

339 4263 387 4332 11,
414 4259 460 4319 11.
486 4258 523 4316 15
546 4250 734 4336 πεπέρασται
897 4241 900 4364 1
1027 4252 1062 4312 13
1087 4248 1127 4308 30
1150 4244 1286 4327 ὑδρῶτος

339 4358 388 4429 13,
415 4356 452 4413 11
476 4352 604 4433 θπλησιν
752 4379 754 4382 ⁴
898 4365 900 4410 ι
947 4352 998 4423 31,
1021 4349 1061 4408 26
1084 4347 1138 4405 τοῦ
1160 4341 1194 4404 δέ
1212 4339 1343 4426 πένητος

413 4455 453 4513 36
474 4453 538 4514 init.
556 4451 592 4532 δὴ
607 4447 681 4515 ίσως
692 4469 787 4527 marg.
804 4449 871 4508 cod.
897 4413 900 4522 1
1022 4447 1063 4506 28
1085 4442 1313 4525 προτιμώτερον

339 4552 387 4626 11,
411 4554 446 4612 31
473 4552 580 4632 γραφή
897 4535 900 4625 1
946 4545 1039 4619 3δ,7
1085 4539 1316 4624 ἀναμημνήσκει
