3517 5434
307 736 360 784 cap.
382 715 423 767 Ιί).
790 711 877 770 Κλείς.
1328 707 1362 761 79

308 873 425 952 γηίνον
452 863 620 951 σώματος,
648 861 708 930 τόν
735 863 821 929 ίδιον
850 860 953 940 εὐθύς
981 858 1128 928 ἐνδύεται
1154 865 1276 948 χιτῶνα
1307 859 1366 930 τόν

308 976 454 1066 πύρινον,
475 974 516 1044 ὃν
538 975 597 1042 οῦκ
619 972 757 1042 ἐδύνατο
773 977 855 1060 ἔχων
873 980 918 1051 εὶς
939 968 978 1039 τό
1001 969 1116 1057 γήινον
1138 975 1233 1060 σῶμα
1256 997 1364 1040 κατοι-

275 1094 415 1171 3ιιῆσαι.
463 1090 508 1173 γῆ
535 1082 601 1174 γὰρ
629 1091 694 1175 πῦρ
723 1085 764 1153 οῦ
789 1083 964 1172 βαστάζει·
993 1089 1087 1152 πᾶσα
1115 1079 1179 1172 γὰρ
1209 1085 1365 1173 φλέγεται

309 1204 365 1267 καὶ
387 1197 451 1267 ond
475 1197 590 1284 ὀλίγον
612 1200 808 1285 σπινθῆρος.
846 1199 903 1263 καὶ
925 1190 982 1262 διὰ
1003 1201 1102 1263 τοῦτο
1123 1191 1163 1262 τό
1177 1191 1264 1284 ὕδωρ
1278 1218 1365 1280 περι-

308 1316 438 1399 κέχυται
459 1314 499 1400 τῇ
520 1312 571 1402 γῇ,
594 1305 700 1398 ὥσπερ
724 1312 828 1398 ίρνμα
849 1311 906 1374 καὶ
922 1317 1026 1394 τεῖχος
1041 1307 1178 1394 ὀντίχον
1199 1302 1283 1395 πρός
1304 1300 1365 1388 την

275 1425 370 1490 οτοῦ
390 1417 494 1509 πνρός
516 1418 643 1512 φλόγα·
671 1422 750 1497 νοῦς
778 1421 813 1486 δὲ
840 1415 999 1500 ὀξύτατος
1026 1415 1072 1486 νῦν
1098 1415 1232 1485 πάντων
1259 1419 1366 1484 θείων

313 1530 489 1620 νοημάτων
512 1536 567 1599 καὶ
583 1529 735 1621 ὀξύτερος
750 1527 885 1598 πάντων
908 1533 972 1598 τῶν
995 1531 1163 1618 στοιχείων
1185 1531 1248 1614 lifoi
1269 1529 1365 1613 σῶμα

312 1640 351 1711 τό
373 1648 448 1730 πῦρ.
493 1639 691 1731 δημιουργὸς
706 1638 770 1730 γόρ
786 1636 831 1708 oio
853 1639 872 1707 ὁ
896 1645 973 1720 νοῦς
994 1645 1059 1707 τῶν
1080 1637 1214 1706 πάντων
1235 1633 1367 1726 ὀργάνῳ

278 1759 358 1841 oroi
381 1757 459 1843 πυρὶ
487 1751 571 1845 πρὸς
597 1749 659 1835 τὴν
689 1755 907 1841 δημιουργίαν
932 1755 1062 1840 χρῆται.
1106 1754 1162 1818 καὶ
1185 1749 1203 1818 ὁ
1226 1753 1286 1835 μὲν
1308 1753 1369 1816 τοῦ

313 1860 440 1943 παντὸς
466 1869 531 1931 τῶν
552 1860 700 1943 πάντων,
729 1863 748 1930 ὀ
773 1866 809 1930 δὲ
835 1867 896 1930 τοῦ
924 1860 1110 1953 ἀνθρώπου
1132 1863 1197 1929 τιῦν
1219 1863 1367 1946 ἐπιγείων

312 1973 429 2060 μόνον.
474 1971 598 2063 γνμνός
624 1971 690 2062 γόρ
712 1967 758 2041 σίν
779 1976 840 2040 τοῦ
860 1970 965 2062 πνρός
986 1972 1004 2042 ὁ
1029 1978 1082 2042 ἐπὶ
1102 1977 1163 2060 γῆς
1184 1973 1262 2050 νοῦς
1289 1969 1368 2037 ὀδο-

261 2105 294 2159 12
312 2098 406 2154 νατεῖ
426 2084 469 2153 τὰ
491 2090 575 2154 θεῖα
596 2088 815 2174 δημιουργεῖν,
837 2081 1051 2174 ἀνθρώπινος
1074 2080 1119 2152 ὢν
1140 2089 1179 2176 τῇ
1202 2079 1367 2164 διοικήσει.

311 2195 402 2290 ψυχὴ
424 2199 460 2264 δὲ
482 2196 696 2287 ἀνθρωπίνη,
725 2196 766 2264 οῦ
786 2201 881 2264 πᾶσα
901 2201 962 2284 μίν
983 2196 1005 2278 ἡ
1029 2199 1062 2264 δὲ
1086 2193 1229 2280 εὐσεβής,
1252 2198 1369 2282 δαιμο·
1393 2193 1434 2260 19

311 2313 368 2377 νία
395 2312 445 2386 τίς
474 2313 542 2377 ἐστι
569 2313 626 2378 καὶ
655 2313 748 2377 θεία.
798 2312 855 2376 καὶ
883 2308 904 2390 ἡ
934 2305 1071 2392 τοιαύτη
1100 2303 1190 2396 ψυχὴ
1217 2303 1301 2396 μετὰ
1329 2301 1367 2374 τό

261 2443 295 2491 15
313 2419 550 2507 ἀπαλλαγῆναι
565 2423 625 2490 τοῦ
639 2419 792 2508 σώματος
806 2419 866 2488 τόν
881 2423 941 2501 τῆς
963 2419 1129 2507 εὐσεβείας
1150 2419 1264 2504 ἀγῶνα
1286 2418 1369 2504 ἠγω-

311 2537 446 2620 νισμένη
470 2525 575 2619 (ὀγιόν
597 2534 632 2598 δὲ
647 2529 813 2619 εὐσεβείας
834 2527 873 2598 τό
897 2533 1021 2618 γνῶναι
1043 2527 1101 2599 τόν
1123 2527 1210 2598 θεὸν
1231 2531 1287 2597 καὶ
1308 2553 1366 2616 μη-

385 2717 407 2770 Ι.
426 2714 555 2783 ίνόύεται]
573 2716 608 2768 sic
620 2717 702 2782 Ἴως,
720 2716 863 2772 ίνεδύσατο
883 2715 963 2768 celeri.
1039 2714 1065 2769 3.
1084 2731 1140 2769 ante
1163 2719 1284 2786 φλέγεται
1303 2713 1368 2764 Patr.

383 2801 526 2854 stob.add.
545 2798 587 2868 γῆ.
623 2800 648 2852 6.
667 2799 740 2867 νοῦς]
760 2799 790 2862 ὀς
810 2806 840 2855 Α.
880 2803 907 2855 8.
926 2799 1130 2868 ῦν]εῐεΒΡιιτ.
1148 2804 1229 2864 Slob„
1247 2798 1370 2852 omli·

384 2885 438 2956 qui.
458 2879 473 2954 ΙΙ
513 2882 615 2949 ὃνοῦς]
633 2884 669 2935 oie
686 2884 753 2938 Patr.
772 2889 855 2951 sloh,
871 2908 923 2938 om.
942 2886 1041 2954 reliqui.
1061 2883 1074 2955 ΙΙ
1112 2883 1226 2958 ὀργάνῳ]
1250 2885 1286 2936 sic
1302 2884 1370 2936 Petr.

384 2971 463 3030 Slob.¹
482 2965 600 3042 οῦρανῶν
618 2969 718 3040 reliqui.
758 2971 801 3023 10.
819 2965 952 3040 ίτιιγείων]
972 2974 1013 3022 inl
1031 2969 1078 3040 γῆς
1097 2971 1168 3024 Siob.
1218 2963 1368 3040 11.μόνον]

385 3055 419 3108 sic
437 3055 504 3107 Patr.
522 3057 607 3120 stab„
630 3054 737 3109 πάντων
753 3057 853 3127 reliqui.
873 3052 888 3126 ΙΙ
925 3058 967 3109 ini
984 3050 1046 3125 γῆς]
1065 3056 1100 3108 sic
1118 3056 1197 3118 Patr..
1219 3059 1245 3108 ίν
1263 3051 1370 3126 ἀνθρύ-

384 3163 445 3202 ποις
462 3143 548 3203 stab..
566 3146 592 3196 ίν
610 3137 744 3214 ἀνθρώπῳ
763 3143 864 3214 reliqui.
972 3141 1014 3194 13.
1038 3141 1110 3212 ψυχὴ
1128 3144 1155 3195 δὲ
1234 3143 1306 3195 Stob.
1325 3142 1370 3194 eol.

384 3229 455 3301 phys.
474 3229 529 3300 lp.
550 3227 618 3281 1⁰02
640 3229 746 3285 Heeren.
849 3227 892 3282 16.
910 3243 967 3300 post
988 3223 1146 3299 ἠγωνισμένη
1173 3223 1370 3298 (ἃγωνισαμίνη

384 3311 473 3379 Stolo.)
495 3313 562 3366 Patr.
585 3315 642 3367 add.
665 3311 683 3383 ἢ
704 3314 766 3376 νοῦς
784 3311 803 3386 ἢ
821 3316 886 3377 θεὸς
908 3319 1022 3384 γίνεται,
1045 3315 1090 3366 ΑΒ
1110 3315 1189 3368 Turn.
1212 3315 1294 3366 Fluss.
1312 3314 1369 3365 add.

386 3401 451 3460 θεὸς
467 3403 575 3470 γίνεται.

315 3594 431 3649 tunicam
454 3595 570 3668 igneam,
594 3611 672 3668 quem
694 3591 795 3649 habere
816 3611 872 3648 uon
895 3601 1014 3670 poterat,
1038 3611 1096 3648 oum
1118 3600 1253 3650 terrenum
1272 3609 1371 3667 corpus

315 3677 455 3732 incoloret.
490 3686 561 3732 terra
586 3680 656 3733 enim
679 3680 767 3753 ignem
789 3697 843 3733 non
867 3677 926 3734 fert.
962 3679 1048 3734 omnio
1072 3679 1142 3732 enim
1160 3675 1327 3732 comburitur
1344 3684 1372 3730 ει

317 3781 431 3839 τρεττι
449 3762 576 3817 scintilla.
614 3772 642 3817 et
659 3763 695 3818 ob
717 3763 744 3818 id
768 3783 835 3839 aquo
858 3773 947 3819 terrae
969 3774 1012 3820 est
1034 3761 1193 3820 circumfuso
1215 3761 1290 3819 velot
1311 3782 1372 3840 pro·

316 3845 494 3925 pugnaculum
513 3857 649 3904 elmuino
667 3851 810 3925 opponitur
828 3849 898 3923 ignis
915 3847 1046 3917 flammam
1063 3869 1138 3906 mens
1156 3858 1245 3906 antem
1261 3847 1373 3904 velocis·

317 3936 382 3990 nimo
401 3934 519 3990 omnium
537 3931 685 3989 divinorum
704 3936 896 4010 cogitationum
915 3944 942 3990 et
960 3935 1080 3990 velocior
1096 3937 1219 3992 omnibus
1233 3934 1371 3991 elementis

318 4039 415 4096 eorpus
434 4017 516 4074 hebet
533 4020 629 4094 ignem.
657 4039 716 4076 nom
727 4040 802 4077 meno
814 4039 874 4076 oum
887 4019 976 4098 opifex
995 4021 1032 4076 eit
1050 4024 1175 4090 omnium,
1194 4024 1372 4078 instrumento

318 4105 350 4160 oti
369 4105 506 4182 opificium
524 4107 586 4180 igne
603 4107 696 4161 utitur.
733 4105 823 4184 opifex
842 4106 950 4183 quidem
968 4109 1051 4163 lolius
1070 4111 1154 4164 ulitur
1172 4107 1309 4175 omnibus,
1327 4105 1374 4162 ho·

318 4193 397 4246 minio
415 4202 502 4248 autem
524 4191 600 4248 faber
622 4194 737 4248 terrenis
760 4202 870 4249 tontum.
906 4193 976 4250 nudo
996 4195 1065 4250 enim
1082 4196 1142 4270 igne
1165 4213 1224 4251 oum
1242 4195 1279 4249 sit
1296 4213 1372 4248 meus

318 4286 434 4345 terrena,
451 4281 585 4355 impotens
605 4289 647 4334 eet
665 4279 754 4335 divina
773 4280 898 4347 condere,
918 4280 1030 4336 humano
1050 4282 1109 4357 quio
1129 4291 1171 4337 eol
1183 4279 1371 4356 dispositione.

318 4364 404 4417 onim·
418 4364 615 4431 verolamium,
634 4385 686 4420 non
706 4365 813 4440 quidem
827 4369 914 4422 omnis
933 4366 980 4422 sed
999 4369 1052 4442 pio,
1071 4366 1224 4422 daemonica
1244 4363 1373 4439 quondam

319 4458 362 4504 eet
380 4457 408 4503 et
425 4447 521 4503 divina.
551 4449 613 4507 talio
625 4453 710 4506 animo
722 4462 787 4528 posi
804 4452 954 4508 discessuro
967 4472 980 4506 o
995 4471 1118 4528 corpore,
1137 4451 1244 4525 pietalis
1262 4469 1371 4524 agonem
