3517 5434
869 693 910 756 ετ
1281 705 1450 785 ειν-ει.

334 859 526 929 ἀθλιώτατος
547 861 604 923 καθ
624 861 691 924 λίαν
712 860 842 944 ἀνόητος
864 860 881 923 ό
903 862 1051 936 τοιοῦτος,
1074 859 1153 944 αὑτῷ
1174 882 1209 942 γε
1229 865 1267 945 τῷ
1286 858 1451 944 τυφλότητι

333 959 388 1040 τῆς
416 958 494 1026 ἰδίας
521 959 659 1027 διανοίας
680 959 786 1043 όδηγῷ
807 960 985 1043 χρώμενος·
1019 958 1123 1040 ῶσπερ
1148 957 1165 1020 ό
1188 955 1296 1042 Μάνης
1320 959 1335 1021 ό
1356 959 1448 1044 χαλε-

334 1056 475 1138 πωτάτην
498 1057 608 1139 μανίαν
626 1057 705 1119 κατά
723 1078 759 1138 γε
778 1062 838 1120 τῶν
861 1054 947 1140 αύτῷ
966 1052 1160 1137 πειθομένων
1183 1054 1359 1139 ἐπινοήσας,
1384 1053 1451 1116 ἐπεὶ

334 1152 375 1236 μὴ
403 1153 557 1239 κατέλαβε
588 1153 654 1216 τίνα
682 1153 793 1238 τρόπον
824 1151 861 1215 τά
890 1151 963 1216 καθ’
989 1152 1072 1234 ἡμᾶς
1100 1153 1276 1230 διοικεῖται,
1305 1151 1450 1237 δευτέραν

333 1249 433 1334 ἀρχὴν
454 1250 590 1336 ἄναρχον
612 1251 719 1319 κακίας
737 1250 911 1329 ἐπλάσατο,
944 1248 994 1312 ίνα
1016 1250 1067 1312 καὶ
1088 1254 1147 1312 τῶν
1174 1249 1237 1314 ἀνω
1267 1251 1374 1332 σφαλῇ
1399 1252 1485 1312 καὶὸ

333 1345 371 1408 τά
388 1348 472 1410 κάτω
491 1353 602 1431 νοῆσαι
617 1349 659 1432 μή
675 1347 876 1432 συγχωρηθῇ,
895 1351 1023 1410 τοιαῦτα
1041 1345 1119 1410 κατὰ
1132 1350 1186 1408 τοῦ
1200 1348 1277 1410 θεοῦ
1292 1350 1351 1410 τῶν
1369 1345 1450 1410 ὅλων

334 1443 542 1527 πλαττόμενος
562 1445 612 1507 οἶά
632 1467 667 1528 γε
689 1446 743 1529 τὴν
765 1444 956 1513 ἀνεξικακίαν
981 1443 1075 1508 αὐτοῦ
1099 1444 1152 1526 τήν
1175 1444 1323 1508 ἀνωτάτω
1345 1443 1450 1528 κηρύτ-

333 1561 404 1603 τειν.
447 1542 544 1605 διεῖλε
569 1542 628 1626 γάρ
655 1533 699 1606 τά
720 1547 775 1606 τοῦ
805 1542 882 1604 θεοῦ
912 1541 963 1604 καὶ
990 1539 1028 1603 τὰ
1049 1543 1178 1604 πλεῖστά
1200 1563 1235 1624 γε
1259 1542 1391 1626 ἀνέθηκε
1413 1545 1452 1625 τῷ

334 1639 376 1721 μή
397 1637 476 1724 ούση
498 1641 600 1724 κακίᾳ,
619 1640 771 1707 παντοίως
791 1640 984 1724 βλασφημῶν
1005 1639 1056 1702 τόν
1073 1637 1270 1723 δημιουργόν,
1296 1639 1330 1703 ἐκ
1345 1639 1452 1707 κακίας

335 1736 514 1818 συγκεῖσθαι
544 1737 643 1820 λέγων
672 1739 727 1798 τοῦ
753 1737 830 1798 θεοῦ
851 1735 889 1797 τά
911 1735 1149 1819 κατορθώματα.
1208 1735 1262 1813 50,
1302 1737 1332 1799 τί
1350 1735 1449 1798 τοίνυν
1469 1741 1501 1794 10

334 1833 411 1917 φαίη
442 1832 478 1896 ἀν
511 1835 581 1919 περὶ
611 1838 672 1897 τῶν
702 1833 808 1917 ἀρχῶν
836 1836 897 1895 τῶν
930 1832 1098 1915 σωμάτων;
1133 1833 1280 1918 τέσσαρες
1309 1834 1364 1916 μὲν
1392 1832 1451 1916 γάρ

334 1928 435 2010 αύται,
456 1930 476 1993 ἀ
498 1932 535 2015 δή
556 1933 609 1996 καὶ
627 1934 731 1994 καλεῖν
749 1930 896 1994 εἰῶθασιν
917 1928 1053 2013 τέσσαρα
1070 1935 1216 2015 στοιχεῖα,
1237 1932 1315 2016 άπερ
1331 1931 1452 1994 ἐναντία

334 2028 390 2112 μὲν
417 2030 565 2114 ἀλλήλοις
590 2029 642 2092 καὶ
667 2029 800 2114 ἀκριβῶς
823 2028 1032 2111 ἀντικείμενα,
1066 2027 1156 2091 οῦδὲν
1181 2029 1215 2092 δὲ
1238 2029 1353 2092 τούτων
1378 2028 1451 2092 ἀπο-

333 2129 432 2189 τελεῖν
460 2149 488 2189 τι
517 2126 589 2190 καθ’
619 2126 711 2190 ἑαυτό
744 2127 880 2190 δύναται.
922 2127 952 2190 τί
976 2125 1033 2211 γάρ
1065 2124 1100 2190 ἀν
1129 2125 1176 2210 εἴη
1204 2128 1238 2191 τό
1262 2127 1352 2211 ξηρόν
1378 2126 1450 2190 ἀνευ

333 2229 387 2288 τοῦ
409 2225 520 2309 ὑγροῦ;
547 2226 566 2310 ἢ
589 2224 619 2287 τί
637 2225 666 2287 δ’
689 2223 725 2287 ἀν
748 2224 796 2310 είη
820 2225 854 2288 τὸ
878 2225 994 2309 θερμόν
1016 2224 1088 2310 δίχα
1109 2230 1163 2288 τοῦ
1187 2230 1309 2311 ψυχροῦ
1318 2249 1327 2301 3
1350 2226 1378 2289 εἰ
1397 2223 1449 2288 οῦν
1471 2227 1503 2282 15

332 2328 393 2386 τῶν
416 2323 558 2387 ἐναντίων
580 2322 709 2391 σύνοδος
731 2323 877 2386 ἀποτελεῖ
899 2328 1001 2408 σῶμα,
1024 2327 1099 2386 ποῖα
1117 2327 1177 2386 τῶν
1197 2325 1354 2408 τεσσάρων
1374 2323 1451 2387 ἐκεῖ·

333 2443 385 2489 νος
414 2421 566 2505 ἀναθήσει
592 2426 633 2505 τῷ
660 2421 766 2505 κακίη;
800 2421 819 2504 ή
847 2424 923 2483 ποῖα
955 2427 999 2507 τῷ
1027 2419 1153 2506 ἀγαθῷ;
1188 2422 1215 2486 εἰ
1241 2421 1297 2505 γὰρ
1329 2421 1359 2483 ἐν
1389 2425 1453 2491 τοῖς

333 2523 423 2582 πᾶσιν
447 2518 568 2600 ἀγαθοῦ
587 2541 621 2581 τε
640 2519 692 2582 καὶ
706 2523 803 2581 κακοῦ
818 2522 924 2601 κρᾶσιν
943 2521 1138 2604 φαντάζεται,
1159 2519 1326 2601 ἐπάναγκες
1341 2520 1452 2584 διελεῖν

334 2617 377 2685 είς
399 2617 454 2679 δύο
469 2615 507 2679 τά
518 2615 654 2700 τέσσαρα
672 2616 724 2678 καὶ
744 2620 840 2678 ταῦτα
861 2615 915 2679 εἴτ’
942 2614 995 2680 σόν
1020 2617 1051 2687 ἐξ
1075 2615 1142 2700 ίσης
1165 2618 1326 2699 διαστῆσαι
1346 2617 1366 2700 ἢ
1385 2617 1453 2700 τρία

333 2716 410 2795 πρός
430 2713 462 2776 ἓν
483 2715 632 2797 χωρίσαι·
667 2711 738 2776 ἀλλ’
766 2712 841 2797 όπερ
865 2713 902 2776 ἀν
926 2715 1077 2799 ἀπονέμει
1099 2720 1143 2799 τῷ
1159 2713 1282 2798 ἀγαθῷ,
1307 2714 1449 2799 εὑρεθείη
1468 2715 1504 2770 ⁹⁰

334 2808 371 2872 ἀν
397 2810 471 2873 καθ’
502 2810 594 2872 ἑαυτό
624 2811 742 2895 βλάψαι
771 2812 951 2894 δυνάμενον.
996 2811 1086 2876 ούδὲν
1117 2811 1175 2896 γάρ
1203 2815 1264 2874 τῶν
1294 2812 1452 2896 τεσσάρων

333 2907 466 2993 άκρατον
488 2909 539 2971 καὶ
562 2905 632 2991 ούχὶ
657 2905 820 2991 σφαλερόν.
863 2907 972 2972 αύτίκα
994 2910 1045 2972 καὶ
1065 2908 1096 2971 ἐν
1118 2913 1157 2994 τῷ
1177 2910 1284 2992 κράσει
1305 2910 1338 2974 τὸ
1362 2913 1451 2974 πλευ-

333 3008 424 3079 νάζον
446 3004 580 3089 ὀλέθρου
600 3005 714 3086 γίνεται
735 3008 779 3088 τῷ
799 3007 919 3089 σώματι
938 3008 1110 3091 παραίτιον,
1133 3009 1175 3074 ῶς
1189 3006 1281 3090 φασὶν
1296 3007 1325 3070 οἱ
1337 3007 1452 3070 τούτων

334 3103 484 3188 ἔμπειροι.
519 3102 548 3165 εἰ
565 3101 664 3165 τοίνυν
678 3102 712 3165 τό
728 3101 783 3185 μὲν
798 3101 913 3185 θερμόν
927 3103 997 3166 καθ’
1014 3104 1106 3168 ἑαυτδ
1124 3103 1213 3179 καίει,
1235 3104 1268 3165 τό
1284 3102 1319 3166 δὲ
1333 3105 1451 3187 ψυχρόν

334 3201 437 3286 ψύχει,
459 3200 592 3284 ξηραίνει
613 3199 649 3261 δὲ
669 3199 704 3262 τό
726 3198 827 3283 ξηρόν,
850 3201 1035 3274 κατακλύζει
1060 3201 1147 3264 δὲτὸ
1168 3199 1269 3284 ὑγρόν,
1292 3203 1381 3266 ποῖον
1402 3203 1450 3264 λο-
1467 3202 1502 3258 θῦ

333 3302 442 3382 γιεῖται
461 3298 576 3362 τούτων
600 3299 617 3362 ό
636 3297 752 3365 πλάνος
773 3301 819 3382 τῷ
839 3297 920 3383 θεῷ,
948 3299 1024 3362 αύτδ
1048 3299 1102 3383 μὲν
1125 3299 1182 3382 γάρ
1207 3297 1279 3361 ὅλον
1301 3299 1334 3362 τὸ
1361 3303 1453 3383 σῶμα

332 3400 437 3482 κρᾶσιν
465 3394 547 3482 ἔχειν
572 3396 607 3460 ἐκ
625 3395 740 3460 τούτων
762 3397 843 3464 εἰκός
866 3397 903 3459 δι’
929 3398 971 3460 ῶν
993 3398 1045 3462 καὶ
1069 3395 1222 3479 σύγκειται
1247 3398 1298 3460 καὶ
1323 3397 1452 3483 ὑφέστη-

333 3517 401 3573 κεν,
428 3493 484 3579 ἀφ’
514 3495 556 3557 ῶν
586 3494 622 3557 δὲ
650 3494 669 3576 ἡ
697 3499 803 3579 κρᾶσις
825 3496 859 3559 ἐκ
881 3498 1021 3581 κράσεως
1044 3495 1121 3559 εἶναι
1142 3495 1269 3558 ἕκαστον
1294 3496 1351 3561 ούκ
1370 3497 1451 3562 ἐνδέ-

333 3615 437 3679 χεται·
470 3594 550 3656 ῶστε
576 3593 633 3657 ούκ
663 3591 730 3678 ἔχει
762 3591 853 3675 λόγον
884 3594 984 3657 αὐτῶν
1004 3617 1039 3677 γε
1060 3598 1120 3657 τῶν
1143 3591 1267 3677 ἀτόμων
1292 3596 1451 3683 στοιχείων

334 3691 461 3754 ἕκαστον
489 3690 701 3773 καταμερίξειν
730 3691 774 3759 είς
794 3691 932 3761 ἐναντίας
954 3691 1008 3754 δύο
1033 3691 1131 3777 ἀρχὰς
1150 3693 1201 3755 καὶ
1220 3698 1325 3778 κρᾶσιν
1349 3694 1450 3758 αύτῶν
1468 3705 1504 3760 30

334 3787 464 3850 ἑκάστου
488 3786 688 3870 εἰσηγεῖσθαι.
730 3788 819 3850 ποίαν
839 3789 896 3872 γάρ
921 3788 1078 3871 ἐπινοήσει
1099 3793 1144 3875 τῷ
1167 3790 1249 3878 ξηρῷ
1273 3793 1412 3856 σύνθεσιν
1435 3795 1451 3857 ό

333 3886 462 3960 πλάνος
493 3884 585 3947 ποίαν
615 3885 650 3947 δὲ
679 3887 784 3969 κρᾶσιν
812 3890 856 3971 τῷ
878 3886 1001 3970 ἀκράτῳ
1022 3885 1109 3969 πυρός
1142 3887 1162 3971 ή
1186 3888 1252 3952 τίνα
1274 3891 1451 3974 συμπλοκὴν

333 3988 379 4070 τῷ
404 3987 531 4069 ψυχρῷ,
561 3986 673 4068 ψυχρῷ
702 3983 740 4044 δι’
769 3981 845 4046 όλου
872 3983 1066 4068 τυγχάνοντι,
1100 3987 1322 4070 παραπλησίως
1345 3988 1452 4054 δὲκαὶ

333 4080 379 4167 τῷ
408 4080 502 4168 ὑγρῷ.
546 4082 691 4165 μονοειδῆ
717 4080 775 4165 γάρ
802 4081 853 4144 καὶ
880 4080 1030 4165 ἀμέριστα
1052 4086 1162 4166 σαφῶς
1183 4088 1279 4148 ταῦτα
1298 4087 1452 4171 τυγχάνει,

335 4180 415 4241 ὥστε
436 4178 553 4244 τούτων
576 4179 708 4242 ἕκαστον
726 4178 802 4242 οὐδὲ
824 4177 973 4262 ὑποσταίη
997 4178 1068 4240 καθ’
1096 4180 1200 4257 ἑαυτό,
1223 4181 1304 4244 ἀλλά
1323 4185 1374 4246 καὶ
1398 4183 1450 4247 σῦν
1468 4197 1502 4251 35

335 4275 483 4356 ἀλλήλοις
503 4274 570 4362 ἔχει
589 4278 623 4340 τδ
647 4276 735 4340 εἶναι.
795 4275 839 4348 51,
880 4275 1020 4360 μαίνεται
1041 4282 1202 4362 τοιγαροῦν
1226 4280 1336 4361 μανίαν
1359 4283 1450 4365 χαλε-

334 4373 413 4456 πήν,
446 4371 518 4435 όταν
545 4377 599 4435 τοῦ
627 4374 724 4457 πυρός
742 4375 775 4438 τὸ
799 4376 853 4458 μὲν
875 4375 903 4436 τὶ
925 4376 979 4436 τοῦ
1005 4374 1125 4456 ἀγαθοῦ
1150 4378 1279 4460 φάσκει,
1310 4379 1344 4441 τό
1367 4378 1401 4440 δὲ
1424 4378 1452 4440 τὶ

334 4474 390 4532 τοῦ
409 4473 516 4532 κακοῦ.
558 4474 656 4531 ποιεῖν
678 4471 713 4532 δὲ
732 4475 823 4534 τοῦτο
844 4472 1011 4552 ἐπάναγκες
1031 4470 1117 4558 αύτῷ
1140 4475 1191 4536 καὶ
1215 4473 1344 4536 ἐπὶτῶν
1366 4495 1450 4538 ποιο-

335 4567 434 4650 τήτων
456 4568 516 4628 τῶν
543 4565 701 4651 στοιχείων
724 4568 775 4630 καὶ
794 4568 922 4652 διαιρεῖν
944 4565 982 4629 τὰ
1005 4567 1150 4653 διαίρεσιν
1171 4571 1212 4654 μὴ
1233 4569 1450 4656 ἐπιδεχόμενα.
