3517 5434
839 656 897 742 ¹⁰.3
1312 667 1422 744 Γιιιόι·

307 817 398 900 λόγον
427 815 528 882 αὐτῶν
558 817 712 888 κατιόντες
736 821 778 902 μὴ
806 821 887 886 πολύ
910 827 1007 906 μῆκος
1027 823 1238 908 παράσχωμεν
1261 828 1305 908 τηῖ
1327 822 1421 910 λόγῳ.

308 914 398 1002 μέχρι
417 915 534 980 τούτων
554 921 684 1000 στῶμεν,
705 915 757 981 διὰ
777 924 837 982 τῶν
856 920 968 1003 δλίγων
990 921 1041 982 καί
1060 918 1099 984 τὰ
1114 918 1196 984 ἀλλα
1211 919 1423 990 ύποδείξαντες

306 1014 358 1078 καί
380 1013 431 1076 διά
453 1016 512 1076 τῶν
533 1013 767 1100 προλεχθίντων
794 1017 845 1080 τδν
873 1015 1001 1102 ἔλεγχον
1026 1018 1316 1086 κατασκευάσαντες.
1338 1089 1341 1098 Ι
1360 1017 1421 1080 ἐπι-

307 1112 432 1194 μελείας
455 1111 490 1175 δὲ
513 1115 576 1181 τοῖς
597 1113 775 1182 σπουδαίοις
794 1113 903 1198 χρεία,
934 1114 982 1178 ἰνα
1009 1109 1108 1178 πᾶσαν
1131 1114 1273 1198 γοητείαν
1297 1115 1422 1201 ὑπερβε-

307 1209 436 1296 βηκότες
462 1209 618 1292 ἀλήπτους
646 1209 698 1278 τάς
728 1211 824 1280 ἀκοάς
851 1212 912 1276 ἀπδ
940 1216 993 1294 τῆς
1013 1213 1160 1296 πονηρίας
1183 1211 1457 1297 διαφυλάξωσιν,δ

307 1307 393 1375 όπως
417 1306 661 1390 κλειδορύλακες
688 1308 746 1370 ῶσι
774 1313 834 1372 τῶν
861 1310 980 1372 ἑαυτῶν
1003 1309 1104 1372 ἀκοῶν
1127 1311 1179 1372 καὶ
1199 1313 1241 1391 πῆ
1264 1309 1318 1392 μὲν
1342 1310 1421 1374 ἀνοι-

305 1403 461 1488 γνύοντες,
487 1401 539 1466 ότι
562 1403 668 1487 κρούει
687 1406 703 1467 ό
726 1406 846 1489 ἀληθὴς
867 1405 975 1488 λόγος,
997 1411 1039 1490 πή
1063 1408 1098 1470 δὲ
1120 1407 1344 1482 ἀποκλείοντες,
1372 1406 1423 1470 ότι

308 1501 325 1564 ό
358 1501 475 1585 ψευδής
507 1501 559 1564 καί
590 1503 854 1586 περενακισμένος
889 1505 1152 1590 σχηματιζόμενος
1185 1505 1238 1587 τὴν
1272 1503 1420 1587 ἀλήθειαν

307 1598 479 1683 εἰσβάλλειν
505 1597 537 1660 ἰν
565 1603 610 1683 τῷ
633 1599 751 1684 ταμείῳ
775 1604 829 1681 τῆς
850 1601 988 1671 διανοίας
1011 1602 1188 1674 σπουδάζει,
1217 1595 1344 1664 ’πολλοὶ
1364 1599 1421 1684 γὰρ

304 1693 515 1778 πεπλασμένοι
543 1696 595 1759 καί
623 1695 883 1780 ἐσχηματισμένοι
905 1698 958 1766 τὰς
982 1697 1077 1768 ἀκοὰς
1099 1698 1246 1782 κρούουσι
1267 1697 1422 1780 (λέγοντες
1440 1715 1473 1768 ιο

302 1790 385 1875 Ἐγώ
410 1793 474 1875 εἰμι
497 1794 513 1856 ό
535 1787 672 1876 χριστός)
701 1792 753 1854 καὶ
779 1793 916 1862 πολλοὺς
942 1796 1160 1878 πλανήσουσιν.
1203 1796 1247 1863 εἰς
1270 1797 1304 1858 δὲ
1330 1795 1422 1879 μόνος
1547 1799 1549 1804 ’

306 1890 385 1954 ἔστιν
409 1891 427 1952 ό
447 1886 585 1974 χριστός,
607 1891 623 1952 ό
646 1887 874 1973 ἐλευθερωτής,
898 1890 914 1954 δ
934 1896 1157 1977 τροπαιοδχος,
1182 1893 1197 1956 ό
1222 1891 1421 1978 εὐεργετικός,

306 1991 323 2053 ό
347 1987 485 2050 διαθέσει
506 1985 645 2069 κρούων,
674 1987 690 2049 δ
715 1985 893 2070 ἐλευθερίαν
916 1994 955 2071 τῇ
977 1987 1090 2073 εἰσόδῳ
1114 1988 1374 2072 μνηστευόμενος,
1403 1990 1419 2053 ό

305 2085 371 2170 όμα
393 2089 438 2169 τῷ
461 2083 615 2168 εἰσβαλεῖν
639 2084 794 2155 ἐξοικίζων
820 2084 874 2153 τὰς
897 2084 1056 2169 ἁμαρτίας,
1082 2086 1098 2148 ό
1123 2085 1154 2148 ἐν
1174 2089 1213 2168 τῇ
1233 2085 1346 2170 εἰσόδῳ
1367 2087 1419 2170 τήν

306 2182 408 2260 φιλίαν
425 2182 477 2265 τὴν
497 2182 573 2265 πρὸς
589 2182 640 2244 τὸν
663 2180 781 2265 πατέρα
800 2181 977 2258 ἀποδιδούς,
1000 2184 1016 2246 ό
1038 2187 1230 2268 παραχρῆμα
1247 2188 1287 2267 τή
1307 2181 1420 2269 εἰσόδῳ
1438 2199 1471 2256 15

305 2285 344 2363 τῇ
364 2279 481 2344 ’ἑαυτοῦ
502 2276 635 2363 τρόπαια
651 2324 1420 2346 .......................................

395 2500 419 2565 Γ
421 2500 566 2586 ρηγορίου
590 2501 726 2584 μεγάλου
748 2501 988 2586 θαυματουργού
1011 2501 1089 2566 κατὰ
1112 2501 1205 2587 μέρος
1224 2503 1330 2572 πίστις.

390 2669 458 2756 [31]
476 2666 636 2755 Ἔχθιστοι
656 2671 706 2734 καί
727 2670 884 2755 ἀλλότριοι
905 2674 958 2753 τῆς
980 2670 1185 2754 ἀποστολικῆς
1203 2673 1368 2756 ὁμολογίας
1391 2673 1421 2736 οί

304 2772 355 2836 τδν
378 2771 443 2834 υίδν
465 2768 497 2838 ἐξ
519 2767 575 2832 οὐκ
595 2765 692 2832 ὄντων
710 2769 762 2832 καὶ
775 2766 1045 2850 ἀποστελλομένης
1058 2768 1156 2852 ἀρχῆς
1171 2767 1249 2832 εἰναι
1262 2768 1419 2854 ἐπίκτητον
1435 2809 1447 2828 .

305 2867 446 2951 λέγοντες
473 2870 517 2950 τῷ
543 2865 633 2948 πατρὶ
660 2867 712 2928 καὶ
740 2866 770 2928 οἱ
797 2867 867 2950 περὶ
895 2870 949 2928 τού
978 2865 1065 2947 ἁγίου
1090 2864 1264 2948 πνεύματος
1283 2867 1321 2932 τά
1342 2865 1420 2951 αὐτὰ
1436 2875 1471 2932 δύ

306 2962 536 3046 διανοούμενοι,
572 2963 601 3026 οἰ
630 2963 716 3028 δόσει
745 2965 798 3028 καλ
824 2964 925 3048 χάριτι
956 2961 1170 3024 θεοποιεῒοθαι
1197 2960 1338 3045 λέγοντες
1368 2961 1419 3028 τόν

306 3063 370 3124 υίδν
392 3062 443 3124 καὶ
463 3061 497 3123 τδ
519 3066 641 3145 πνεῦμα
660 3062 695 3126 τδ
717 3060 802 3142 ἀγιον
822 3056 1021 3140 ἁγιάζεσθαι,
1049 3057 1079 3122 οἰ
1097 3059 1131 3122 τδ
1154 3062 1208 3122 τού
1232 3060 1300 3124 υίού
1322 3081 1419 3122 κοινο·

304 3163 463 3227 ποιοῦντες
489 3156 588 3242 ὄνομα
611 3159 688 3244 πρὸς
708 3158 779 3227 τούς
801 3156 933 3223 δούλους
955 3155 1006 3218 καὶ
1035 3155 1248 3240 ,πρωτότοκον
1273 3157 1417 3226 κτίσεωε“

304 3257 386 3320 ούτω
414 3254 554 3337 λέγοντες
582 3258 625 3324 ῶς
647 3257 765 3339 δμοίως
786 3254 822 3318 ἐκ
845 3257 899 3316 τού
924 3254 964 3338 μὴ
989 3251 1067 3316 εἶναι
1088 3254 1139 3316 καί
1160 3253 1251 3318 αὐτὸν
1274 3253 1347 3317 ὄντα
1369 3253 1420 3318 καὶ

305 3357 348 3424 ῶς
372 3358 492 3438 πρῶτον
520 3352 740 3438 πεποιημένον,
769 3351 819 3415 καὶ
849 3351 909 3437 οὐχ
930 3352 1152 3435 ὁμολογοῦντες
1175 3351 1325 3436 μονογενῆ
1352 3351 1417 3418 υίδν
1436 3361 1470 3416 95

305 3452 398 3536 μόνον
428 3451 501 3516 όντα
530 3456 574 3537 τῶ
601 3451 709 3535 πατρί,
743 3449 903 3514 δεδωκότα
930 3449 965 3514 δί
995 3449 1104 3512 ἑαυτὸν
1131 3449 1175 3518 εἰς
1200 3449 1419 3534 συναρίθμησιν

304 3554 363 3614 τῶν
387 3549 507 3634 θνητῶν
528 3550 579 3613 καὶ
601 3549 683 3612 οότω
705 3546 900 3632 πρωτότοκον
922 3545 1165 3632 ἀριθμούμενον,
1194 3546 1224 3609 οἰ
1242 3546 1295 3629 τήν
1316 3545 1419 3631 γέννη-

305 3668 350 3709 σιν
373 3651 428 3710 τού
451 3647 519 3712 υἱού
542 3648 595 3731 τήν
620 3647 656 3710 ἐκ
677 3647 792 3730 πατρὸς
809 3645 1011 3729 ἀνθρωπίνως
1034 3644 1273 3728 περιγράφοντες
1299 3643 1419 3727 διαστή-

305 3766 376 3827 ματι
405 3743 605 3830 μετρουμίνῳ
631 3744 683 3808 καί
713 3743 770 3807 οἰικ
794 3741 931 3827 ἄναρχον
959 3743 1009 3806 τὸν
1039 3742 1137 3804 αἰῶνα
1163 3743 1217 3804 τού
1239 3742 1421 3826 γεννήτορος

304 3841 356 3905 καί
373 3847 427 3906 τού
448 3843 636 3926 γεννήματος
654 3843 887 3924 ὁμολογοῦντες,
911 3841 942 3903 οί
954 3844 1033 3924 τρεῖς
1046 3835 1118 3923 [32]
1133 3837 1357 3923 ἀκοινωνήτους
1367 3837 1419 3902 καὶ
1435 3843 1471 3900 δύ

306 3937 393 4009 ξίνας
420 3941 593 4022 εἰσάγοντες
620 3939 778 4023 λατρείας,
809 3941 880 4022 μιᾶς
907 3939 958 4001 καί
981 3935 1075 4021 μόνης
1097 3935 1192 4019 ούσης
1211 3939 1266 4019 τῆς
1287 3936 1419 4020 νομίμου

303 4036 488 4119 θρησκείας,
518 4038 556 4121 ήν
584 4035 704 4100 ἀνωθεν
732 4035 767 4099 ἐκ
791 4034 888 4120 νόμου
914 4036 965 4100 καὶ
990 4027 1156 4122 πρηρητῶν
1187 4032 1420 4120 παραλαβόντες

305 4131 419 4218 ἔχομεν
442 4135 492 4197 καὶ
515 4135 573 4198 ύπδ
595 4139 649 4198 τού
672 4134 779 4218 κυρίου
801 4132 1026 4220 βεβαιωθεῖσαν
1051 4132 1102 4198 καὶ
1125 4131 1182 4194 ύπδ
1206 4133 1266 4194 τῶν
1290 4128 1443 4212 ἀποστό·ι

305 4232 368 4294 λων
395 4231 633 4316 κεκηρυγμένην.
675 4229 834 4315 ἀλλότριοι
859 4231 895 4294 δὲ
918 4227 978 4312 οδχ
999 4229 1088 4313 ἦττον
1112 4228 1163 4290 καί
1184 4227 1214 4290 οί
1233 4227 1288 4310 τήν
1310 4227 1420 4311 τριάδα

306 4329 348 4412 μὴ
376 4327 454 4392 κατὰ
481 4328 631 4413 ἀλήθειαν
654 4327 691 4392 ἐκ
712 4331 802 4411 τριῶν
823 4330 998 4411 προσώπων
1023 4325 1261 4410 ὁμολογοῦντες,
1291 4324 1361 4388 ἀλλ’
1385 4323 1416 4388 ἐν
1435 4327 1470 4382 35

306 4427 416 4508 μονάδι
446 4428 480 4490 τδ
508 4428 652 4510 τριπλοῦν
686 4426 807 4511 ἀσεβῶς
835 4423 913 4488 κατὰ
944 4423 1083 4488 σύνθεσιν
1113 4419 1338 4506 φανταζόμενοι
1368 4420 1419 4484 καὶ

307 4524 416 4609 σοφίαν
438 4524 469 4586 ἐν
489 4521 557 4610 θεῷ
578 4525 630 4587 τδν
650 4523 715 4586 υίδν
740 4526 784 4594 ῶς
805 4522 841 4587 ἰκ
861 4521 1018 4608 ἀνθρώπῳ
1039 4521 1091 4605 τἠν
1112 4517 1307 4603 ἀνθρωπίνην
1327 4514 1418 4600 ήγού·
