3517 5434
841 675 880 736 81

304 841 477 904 καταλῦσαι
496 841 548 904 τόν
572 839 677 924 νόμον,
696 840 776 904 ἀλλὰ
799 841 994 923 πληρῶσαι“,
1023 837 1150 902 εἰσιέναι
1172 838 1207 901 δὲ
1230 837 1261 900 ἐν
1283 843 1328 924 τῷ
1349 839 1424 926 ίεριγῖ

304 937 358 1000 καὶ
384 936 438 1006 τάς
466 939 600 1008 ἀτόπους
629 938 805 1020 οἰκονομίας
835 935 980 1017 ἐξωθεῖν,
1013 937 1062 1000 ίνα
1090 938 1140 1000 τδν
1171 935 1254 1000 οἶκον
1284 935 1421 1020 καύαρδν

306 1034 445 1104 ἀποδοὺς
462 1035 559 1098 πίστιν
582 1036 800 1121 ἀκριβεστάτην
823 1039 866 1119 τῷ
886 1035 1040 1118 πράγματι
1061 1034 1207 1119 παράσχῃ
1234 1038 1277 1103 ὡς
1300 1033 1421 1097 οἰκείων

304 1132 358 1194 καί
384 1131 535 1218 πατρῴων
560 1130 783 1217 ἐπιμελόμενος
802 1132 999 1217 πραγμάτων.
1045 1132 1103 1218 βοᾷ
1125 1129 1182 1215 γὰρ
1205 1133 1241 1210 ,ό
1267 1131 1350 1199 οἶκος
1369 1135 1423 1194 τοῦ

304 1228 420 1314 πατρός
436 1253 495 1314 μου
515 1228 599 1299 οἶκος
617 1235 795 1315 προσευχῆς
811 1228 1010 1313 κληθήσεται,
1032 1233 1118 1314 ὑμεῖς
1135 1230 1170 1292 δὲ
1190 1229 1280 1294 αὐτὸν
1296 1229 1420 1312 πεποιή·
1438 1243 1456 1296 5

304 1350 379 1391 κατε
403 1330 552 1412 σπήλαιον
577 1331 729 1412 ληστῶν“.
771 1328 822 1390 καὶ
844 1317 951 1412 ἐπειδή
978 1329 1070 1413 μυρία
1086 1328 1148 1391 ἐστὶ
1165 1327 1252 1411 λόγια
1269 1328 1422 1410 δυνάμενα

305 1425 460 1488 δυσωπεῖν
493 1426 546 1509 τὴν
579 1426 692 1490 ἄτοπον
726 1426 849 1490 ἐκείνων
885 1425 992 1502 δόξαν,
1028 1427 1132 1510 ἡμεῖς,
1164 1425 1214 1489 ίνα
1246 1426 1287 1510 μή
1321 1420 1424 1506 λόγοις

304 1522 427 1584 πλείοσι
453 1525 609 1608 χρώμενοι
640 1524 683 1590 είς
713 1527 809 1606 μῆκος
837 1522 1035 1606 ἐξαγάγωμεν
1066 1524 1116 1587 τὸν
1146 1521 1255 1605 λόγον,
1283 1525 1346 1590 τοῖς
1367 1520 1422 1604 μὲν

305 1617 414 1687 ἄλλοις
447 1619 661 1706 ἐπιτρέψωμεν
694 1625 759 1687 ταῖς
791 1619 968 1702 ἀναλογίαις
1005 1625 1065 1682 τῶν
1100 1620 1244 1704 ῥημάτων
1276 1618 1423 1704 χρήσύαι,

304 1716 396 1799 ἡμεῖς
416 1716 451 1778 δὲ
474 1717 654 1802 συμμέτρως
675 1716 865 1802 χρησόμενοι
885 1719 961 1802 πρὸς
984 1716 1077 1784 αὐτὰς
1097 1717 1150 1786 τός
1172 1717 1340 1785 ἀντιθέσεις
1361 1720 1420 1778 τῶν
1440 1731 1474 1784 10

305 1813 418 1896 λογίων
446 1815 652 1899 χωρήσωμεν.
704 1817 738 1878 τδ
766 1813 943 1896 εὐαγγέλιον
972 1813 1223 1899 παραδεχόμενοι
1250 1816 1300 1878 τὸν
1328 1813 1437 1896 νόμον

306 1911 344 1974 οὐ
368 1910 611 1996 παραδέχονται·
639 1911 714 1975 οὐδὲ
731 1911 788 1996 γὰρ
809 1911 884 1974 οὐδὲ
904 1911 1074 1996 ὁλόκληρον
1094 1913 1127 1974 τδ
1144 1911 1228 1992 ἅγιον
1246 1909 1422 1992 εὐαγγέλιον

304 2008 545 2093 παραδέχονται.
581 2008 601 2094 ἠ
621 2009 679 2094 γάρ
701 2009 737 2073 ἀν
759 2011 810 2074 καὶ
826 2011 877 2073 τδν
894 2008 988 2092 νόμον
1005 2009 1189 2094 ἐλάμβανον,
1211 2011 1239 2072 εἰ
1253 2007 1422 2093 ὁλόκληρον

305 2108 339 2170 τὸ
366 2105 544 2188 εὐαγγέλιον
573 2106 730 2192 ἐδέχοντο.
767 2112 820 2170 νῦν
851 2109 887 2170 δὲ
913 2112 1033 2191 πρῶτον
1065 2109 1099 2171 τδ
1126 2106 1304 2190 εὐαγγέλιον
1328 2128 1423 2188 καπη·

305 2203 470 2272 λούσαντες
492 2203 617 2272 εἰκότως
637 2205 687 2267 τδν
709 2204 803 2289 νόμον
827 2204 864 2267 οὐ
888 2205 1126 2290 παραδέχονται.
1168 2203 1346 2289 ἐλέγχονται
1368 2199 1421 2264 οὐν
1441 2214 1473 2268 15

305 2301 358 2364 διὰ
379 2303 413 2364 τδ
437 2301 675 2385 λεληστεοκέναι
703 2305 736 2366 τδ
761 2302 940 2386 εὐαγγέλιον
965 2303 1006 2386 μή
1031 2301 1216 2388 ἀνεχόμενοι
1237 2303 1291 2362 τοῦ
1313 2296 1420 2382 νόμου.

306 2400 335 2462 εί
356 2398 443 2460 δὲτὸ
467 2397 645 2482 εὐαγγέλιον
668 2407 817 2486 μαρτυρεῖ
834 2403 885 2464 καί
910 2399 945 2464 οὐ
967 2405 1078 2484 τιμῶσι
1099 2401 1150 2463 τὸν
1173 2397 1286 2484 νόμον,
1317 2395 1421 2480 ἠτιμά-

305 2519 377 2558 κασι
403 2495 456 2579 τήν
490 2497 671 2581 μαρτυρίαν·
706 2498 809 2563 οὐκέτι
828 2499 886 2583 γὰρ
909 2500 928 2581 ἠ
954 2499 1058 2582 ἀτιμία
1081 2502 1135 2560 τοῦ
1157 2495 1273 2580 νόμου,
1305 2493 1420 2575 ἀλλ’ἢ

304 2594 430 2658 ἀπιστία
448 2598 502 2656 τοῦ
523 2601 758 2679 μαρτυροῦντος.
797 2600 850 2660 καὶ
869 2597 897 2660 εί
918 2597 972 2679 μὲν
991 2595 1022 2657 ἓν
1041 2599 1101 2658 τῶν
1122 2587 1309 2678 εὐαγγελίων
1330 2591 1421 2675 ἐμαρ-

304 2690 401 2774 τύρει,
422 2690 526 2774 ἕτερον
546 2694 581 2755 δὲ
602 2693 721 2756 ἐσιώπα
741 2695 792 2756 καὶ
811 2695 884 2756 καθ’
909 2694 976 2761 ἐνδς
996 2692 1088 2776 μόνον
1111 2691 1242 2773 ἐγίγνετο
1264 2692 1282 2772 ἡ
1306 2689 1420 2772 ἀτιμία,
1438 2701 1473 2756 w

307 2789 366 2850 οὐκ
389 2787 425 2850 ἀν
449 2787 569 2850 ἐσιώπα
591 2788 628 2851 τὰ
650 2787 731 2852 ἀλλα
752 2789 927 2872 εὐαγγέλια,
946 2789 1049 2871 κυινήν
1074 2788 1194 2871 ἀτιμίαν
1213 2787 1267 2870 τήν
1283 2791 1337 2849 τοῦ
1356 2787 1423 2856 ένδς

307 2886 427 2969 ἀτιμίαν
456 2883 625 2966 ἡγούμενα.
667 2887 695 2948 εί
723 2887 757 2948 δέ
780 2883 907 2968 Μάρκος
932 2884 1015 2968 λέγει
1040 2885 1140 2969 ,ἀρχὴ
1163 2888 1217 2947 τοῦ
1241 2882 1421 2965 εὐαγγελίου

303 2981 408 3066 Ἰησοῦ
432 2986 557 3067 χριστοῦ
579 2982 685 3051 καθὼς
705 2983 872 3068 γέγραπται
898 2983 929 3045 ἐν
946 2980 1062 3066 Ἡσαΐᾳ
1085 2987 1129 3068 τιγῖ
1149 2973 1326 3066 προφήτη“,
1353 2979 1423 3042 όδέ

308 3078 470 3148 Ματδαῖος
502 3079 626 3165 ,βίβλος
657 3079 809 3162 γενέσεως
835 3079 939 3164 Ἰησοῦ
973 3083 1098 3164 χριστοῦ
1131 3080 1199 3142 υἱοῦ
1223 3077 1320 3140 Δαυὶδ
1353 3076 1422 3140 υἱοῦ

301 3177 480 3264 (Αβραάμῆ
502 3177 552 3239 καὶ
566 3177 582 3239 ό
596 3177 650 3261 μὲν
672 3178 853 3262 προπάτορα
873 3183 927 3261 τῖης
945 3176 1023 3240 κατὰ
1045 3177 1142 3260 σάρκα
1161 3177 1333 3259 γεννήσεως
1357 3173 1422 3236 οἶδε
1438 3187 1473 3241 25

308 3277 359 3339 τδν
376 3273 525 3362 (Αβραάμ
546 3276 597 3338 καὶ
619 3280 690 3360 τιμᾷ
712 3277 762 3340 τὸν
785 3276 893 3352 Δαυίδ,
923 3275 938 3338 ό
965 3275 999 3337 δὲ
1024 3274 1166 3338 συνάπτει
1187 3273 1221 3335 τὸ
1243 3271 1421 3355 εὐαγγέλιον

307 3377 352 3458 τῷ
378 3372 465 3458 νόμιρ
491 3375 542 3437 καὶ
562 3378 616 3436 τοῦ
640 3372 820 3455 εὐαγγελίου
845 3372 943 3457 ἀρχὴν
967 3373 1017 3435 τὸν
1041 3369 1135 3454 νόμον
1159 3368 1320 3453 νενόηκεν,Ι
1349 3369 1422 3452 ἀλη-

308 3470 395 3534 θεύει
414 3474 431 3535 ό
453 3472 555 3554 σωτὴρ
576 3469 674 3552 λέγων
698 3470 734 3546 ,ό
757 3470 835 3552 ὑμᾶς
856 3469 975 3532 ἀθετῶν
1000 3469 1056 3553 ἐμὲ
1080 3467 1217 3530 ἀδετεῖ“·
1242 3465 1343 3530 οὐκέτι
1364 3465 1421 3550 γὰρ

309 3567 401 3652 μέχρι
427 3574 482 3632 τοῦ
511 3567 608 3651 νόμου
633 3567 751 3630 ἵσταται
779 3569 798 3650 ἠ
825 3568 946 3650 ἀτιμία,
976 3567 1045 3631 ἀλλ’
1075 3563 1123 3628 ἐπ’
1150 3564 1241 3628 αὐτὸν
1265 3563 1423 3650 ἀναβαίνει

308 3666 359 3728 τδν
389 3670 522 3748 σωτῆρα.
572 3665 623 3726 καὶ
655 3666 684 3726 οἱ
716 3665 770 3747 μὲν
800 3663 949 3728 Ἰουδαῖοι
980 3663 1178 3732 ἀκουέτωσαν
1214 3662 1261 3739 ,εί
1280 3657 1474 3729 Μωσέως30

308 3761 447 3846 ἠκούετε,
470 3761 599 3845 ἠκούετε
621 3761 656 3824 ἀν
679 3762 771 3845 ἐμοῦ·
800 3762 944 3847 περὶγὰρ
968 3763 1045 3846 ἐμοῦ
1067 3762 1183 3828 ἐκεῖνος
1206 3757 1371 3844 έγροιψεν“,
1394 3758 1424 3820 οἱ

310 3860 345 3922 δέ
366 3855 535 3942 Μανιχαῖοι
555 3858 752 3922 ἀκουέτωσαν
772 3855 810 3922 Εἰ
827 3863 881 3921 τοῦ
903 3860 1084 3943 εὐαγγελίου
1098 3856 1238 3943 ἠκούετε,
1256 3859 1310 3919 τοῦ
1325 3855 1421 3940 νόμου

309 3956 373 4039 [ἀν]
401 3954 547 4041 ἠκούετε·
580 3956 649 4040 περὶ
673 3955 730 4041 γὰρ
760 3961 814 4020 τοῦ
842 3956 939 4040 νόμου
968 3957 1001 4018 τὸ
1023 3955 1199 4039 εὐαγγέλιον
1220 3954 1423 4038 γεγράφηκεν.

310 4057 379 4121 ἀλλ’
401 4054 549 4118 Ἰουδαῖοι
572 4054 626 4138 μὲν
647 4055 794 4136 κάλυμμα
816 4055 1024 4142 λαμβάνοντες
1043 4053 1117 4116 οὐδὲ
1137 4054 1187 4116 τὸν
1206 4051 1299 4135 νόμον
1320 4050 1422 4133 νενοή-

309 4176 396 4218 κασιν
422 4151 496 4216 οὐδὲ
516 4152 566 4214 τδν
588 4151 900 4236 καταγγελ[λ]όμενον
924 4149 1110 4233 ἐπέγνωσαν,
1137 4149 1167 4212 οἱ
1190 4149 1224 4213 δὲ
1247 4149 1422 4232 αἱρεσιῶται
1439 4157 1474 4212 35

310 4248 494 4335 όιρύαλμοδς
517 4246 640 4334 ἔχουσιν
666 4249 702 4312 οὐ
725 4249 908 4334 βλέποντας,
938 4243 1152 4332 ὦτα,ἔχοοσιν
1179 4247 1236 4309 οὐκ
1261 4243 1423 4321 ἀκούοντα,

311 4349 362 4412 διὰ
388 4350 422 4412 τδ
452 4349 493 4432 μὴ
523 4346 705 4431 παρακύψαι
733 4347 776 4416 είς
803 4348 841 4411 τά
861 4345 1024 4429 εὐαγγέλια
1046 4350 1090 4430 τῷ
1112 4343 1198 4430 νόμιρ
1220 4341 1423 4430 ἐμαχέσαντο.

312 4447 380 4510 ίδού
408 4446 466 4530 γὰρ
488 4446 504 4508 ό
529 4446 582 4528 μὲν
601 4443 747 4528 Ἰωάννης
766 4448 826 4530 βοᾷ
849 4440 990 4524 ,ἐγένετο
1012 4440 1176 4525 ἄνθρωπος
1197 4436 1426 4521 ἀπεσταλμένος

311 4542 395 4626 παρὰ
406 4543 494 4606 ’θεοῦ
503 4588 513 4620 ,
536 4541 635 4625 ὄνομα
659 4541 744 4627 αὐτῷ
758 4541 922 4624 Ἰωάννης,
951 4537 1041 4607 οῦτος
1060 4537 1155 4622 ἠλδεν
1180 4539 1223 4606 είς
1248 4533 1427 4641 μαρτυρίαν,
1506 4606 1512 4617 Ι

1233 4639 1251 4696 6
