3517 5434
326 692 438 748 13³0-
449 691 493 748 42.
866 677 910 736 ⁶0

329 845 475 930 ρουμένη.
516 842 625 905 αὐτίκα
644 843 779 928 φρενήτη
803 841 835 904 ἐν
853 841 1030 924 περιστάσει
1049 843 1187 924 πυρετῶν
1208 839 1226 922 ἢ
1249 836 1346 902 ἄλλου
1364 837 1446 922 τινδς

329 945 562 1026 συμπτώματος,
585 939 642 1004 οὐκ
662 938 756 1002 εἰδότι
768 939 784 1002 δ
796 943 888 1015 ποιεῖ,
905 941 1117 1022 συγγινώσκειν
1134 937 1264 1005 ἅπαντες
1276 935 1445 1018 εἰώθαμεν,

329 1041 445 1121 μᾶλλον
472 1039 527 1122 μὲν
548 1037 601 1102 οῦν
625 1040 676 1103 καί
697 1039 741 1106 εἰς
763 1035 863 1100 οἶκτον
890 1035 1162 1120 έπικαμπτόμεθα,
1190 1034 1297 1102 κακίας
1321 1033 1445 1096 ἐλευθε-

327 1139 450 1218 ροῦντες
471 1137 522 1199 τδν
539 1139 635 1222 μάτην
652 1137 707 1220 μὲν
722 1134 882 1210 τόπτοντα,
905 1135 932 1197 εἰ
949 1135 983 1198 δὲ
999 1135 1085 1219 ξίφος
1100 1133 1185 1218 εῦροι
1197 1131 1248 1194 καὶ
1263 1129 1445 1214 φονεύοντα.

294 1232 411 1302 ευότω
438 1255 473 1315 γε
499 1239 574 1297 πᾶσι
596 1235 768 1317 κατάδηλον
792 1233 844 1295 καὶ
866 1233 961 1316 κρίσις
983 1232 1059 1315 αῦτη
1084 1232 1170 1313 κοινή
1193 1227 1298 1292 τεκαὶ
1322 1226 1447 1310 φύσεως

329 1328 500 1394 ἀκολουθία
527 1333 561 1394 τδ
590 1332 630 1414 μή
660 1331 754 1394 κακδν
783 1329 944 1412 ὀνομάζειν
971 1330 1004 1392 τὸ
1034 1328 1090 1392 οὐκ
1118 1327 1200 1395 εἰδδς
1228 1325 1284 1401 ό,τι
1306 1325 1373 1408 δρᾷ.
1417 1325 1446 1388 εἰ

327 1425 426 1488 τοίνυν
457 1429 532 1510 μήτε
561 1431 595 1493 τὸ
617 1434 784 1511 γιγνῶσκον
807 1427 925 1508 ἀγαθὸν
948 1426 1076 1510 κληθείη
1101 1427 1282 1506 ἀναγκαῖον,
1314 1423 1390 1505 μήτε
1409 1422 1444 1484 τὸ

328 1524 458 1606 ἀγνοοῦν
480 1526 572 1588 έαυτδ
598 1526 655 1603 ό,τι
678 1524 741 1587 ἐστὶ
761 1523 875 1593 δόξειεν
899 1522 934 1586 ἂν
957 1522 1035 1586 εἰναι
1054 1523 1156 1596 κακία,
1178 1521 1211 1584 τὸ
1226 1519 1291 1602 μέν,
1313 1520 1443 1603 θτιμηδ’

329 1621 421 1690 αὐτὸς
445 1622 564 1706 τίθησι,
596 1625 630 1686 τδ
659 1623 686 1686 δ’
716 1623 761 1686 ότι
790 1621 1036 1704 πεπλανημένως
1065 1621 1115 1684 καὶ
1147 1619 1233 1685 ἐκτὸς
1262 1623 1315 1701 τῆς
1343 1621 1447 1698 κοινῆς
1511 1615 1517 1635 '

280 1734 313 1786 10
331 1718 421 1804 δόξης
441 1720 574 1804 θέμενος
597 1721 740 1805 ὁρίζεται.
794 1716 850 1789 40.
885 1717 983 1785 οὕτως
1005 1718 1080 1781 οὐδὲ
1102 1716 1208 1800 θηρίον
1230 1715 1319 1778 οὐδὲν
1340 1713 1445 1792 κακόν,

328 1820 476 1900 λογισμοῦ
504 1818 723 1902 ἐστερημένον,
756 1817 921 1900 ἄνθρωπος
952 1815 986 1878 δὲ
1014 1815 1171 1898 κακοήθης
1200 1815 1294 1882 κακὸς
1322 1811 1357 1875 ἀν
1386 1811 1445 1896 εἴη,

329 1917 467 2000 λογισμῷ
497 1919 607 1999 μετιὼν
635 1917 713 2000 ἅπερ
736 1916 845 1999 ἥκιστα
869 1914 983 1995 ἀγνοεῖ.
1027 1914 1046 1995 ἡ
1070 1913 1127 1997 γὰρ
1148 1917 1202 1975 τοῦ
1222 1914 1371 1994 λογισμοῦ
1393 1915 1447 1992 τῆς

329 2010 454 2094 φόσεως
479 2013 640 2096 προσθήκη
668 2012 756 2098 φέρει
781 2016 834 2094 τῆς
855 2011 963 2078 κακίας
984 2011 1017 2074 τό
1038 2008 1192 2094 ἔγκλημα,
1219 2024 1446 2094 προκατασκευ-

329 2109 449 2178 άζουσα
469 2109 562 2191 δῆλον
584 2107 662 2170 εἶναι
678 2111 712 2172 τδ
728 2109 948 2194 τραπόμενον.
979 2110 999 2191 ἡ
1015 2107 1049 2169 δὲ
1062 2113 1115 2191 τῆς
1127 2110 1272 2190 γνώσεως
1286 2107 1447 2191 ἀφαίρεσις

279 2219 313 2272 15
331 2206 491 2290 ἀφαίρεσις
506 2209 559 2287 τῆς
575 2205 681 2275 αἰτίας.
716 2207 798 2270 οῦτω
813 2207 850 2289 δὴ
864 2206 956 2288 γνοῦς
970 2207 1024 2290 μὲν
1039 2204 1202 2289 ἅνθρωπος
1215 2204 1321 2288 ἄμφω,
1335 2203 1445 2287 ἀρετήν

328 2327 361 2366 τε
379 2305 430 2366 καί
448 2303 566 2379 κακίαν,
589 2303 664 2388 όπερ
686 2302 721 2367 ἀν
741 2303 849 2386 ἕληται
870 2303 998 2386 (φθάνει
1009 2304 1066 2387 γὰρ
1080 2303 1098 2384 ή
1114 2307 1224 2384 γνῶσις
1236 2303 1289 2385 τήν
1305 2301 1446 2385 αἰρεσιν),

329 2401 381 2463 ἀπ’
404 2401 521 2462 ἐκείνου
535 2402 686 2463 καλεῖται·
711 2401 779 2484 πρὶν
797 2401 831 2464 δὲ
844 2405 969 2482 γνῶναι,
987 2402 1093 2484 νήπιος
1107 2401 1265 2484 ὑπάρχων,
1282 2398 1445 2481 οὐδέτερον

328 2502 388 2560 τῶν
403 2496 505 2580 ἄκρων
524 2499 670 2567 καλεῖται.
701 2500 795 2580 δῆλον
809 2499 909 2560 τοίνυν
924 2496 1118 2583 πανταχόθεν
1133 2499 1175 2565 ῶς
1188 2502 1233 2582 τῷ
1245 2499 1382 2581 λογισμιβ
1395 2497 1446 2558 καὶ

329 2600 368 2677 τῇ
396 2595 473 2677 μετὰ
500 2594 553 2676 τὴν
580 2599 690 2677 γνῶσιν
714 2594 831 2679 αἱρέσει
851 2596 959 2658 κακίαν
983 2617 1016 2658 τε
1038 2596 1089 2658 καὶ
1113 2595 1223 2678 ἀρετὴν
1246 2591 1447 2675 λογιζόμεθα.

278 2711 314 2766 φο
331 2691 368 2754 τὰ
393 2691 492 2754 τοίνυν
520 2691 660 2778 ἀμέτοχα
689 2695 837 2777 λογισμοῦ
865 2693 957 2777 θηρία
985 2691 1040 2755 οὐκ
1068 2691 1102 2756 ἀν
1130 2691 1177 2776 εἴη
1206 2690 1285 2755 κακὰ
1311 2691 1385 2754 οὐδὲ
1412 2690 1447 2754 ἐκ

329 2788 436 2857 κακίας
457 2788 722 2872 προενηνεγμένα,
754 2790 938 2874 ἐπειδήπερ,
963 2785 1017 2872 κάν
1042 2789 1140 2874 ἐκείνη
1165 2789 1264 2856 οῦτως
1287 2786 1365 2872 ἔχοι,
1390 2787 1447 2850 οὐκ

331 2884 366 2948 ἂν
390 2885 437 2970 εἴη
457 2887 559 2952 κακία.
595 2885 642 2958 41.
673 2886 777 2956 ἄλλως
798 2911 832 2951 τε
851 2887 928 2956 ἴδοις
945 2884 980 2950 ἀν
997 2887 1145 2954 πολλάκις
1163 2887 1214 2949 καὶ
1232 2892 1291 2948 τῶν
1310 2887 1446 2969 ἑρπετῶν

332 2983 432 3047 αὐτῶν
455 2985 489 3047 τδ
509 2986 742 3068 χαλεπώτατον,
763 2985 844 3068 λέγω
865 2985 903 3068 δὴ
924 2985 974 3046 τὸν
997 2983 1053 3058 ἰόν,
1075 2985 1119 3052 εἰς
1140 2982 1272 3067 ἰατρείαν
1292 2986 1368 3068 πρὸς
1386 2987 1446 3044 τῶν

331 3081 555 3167 ἀκριβεστάτων
590 3083 700 3165 ἰατρῶν
728 3081 962 3168 λαμβανόμενον
991 3082 1042 3144 καὶ
1066 3082 1112 3165 ’τή
1138 3086 1197 3144 τῶν
1226 3080 1448 3165 ἀπομάχεσθαι

279 3199 314 3252 25
333 3178 512 3262 δυναμένων
533 3180 698 3262 παραμίξει
715 3181 904 3264 καθαίροντα
924 3185 983 3242 τῶν
1002 3179 1110 3246 παθῶν
1131 3178 1209 3243 ἔστιν
1230 3178 1281 3241 ὅτε
1299 3177 1336 3241 τά
1354 3181 1447 3262 χαλε-

330 3278 472 3352 πώτατα,
503 3276 556 3344 τὰς
584 3277 618 3339 δὲ
645 3279 760 3362 σάρκας
789 3278 883 3346 αὐτὰς
915 3277 1027 3362 ἑτέρων
1056 3278 1147 3340 εἰδῶν
1173 3299 1205 3339 τε
1235 3277 1285 3338 καὶ
1310 3277 1447 3360 βοτανῶν

332 3375 496 3458 συμπλοκή
524 3376 686 3459 φάρμακον
718 3375 838 3458 ἄριστον
864 3377 1002 3458 σώμασιν
1026 3373 1254 3448 ἀποτελοῦσας,
1286 3374 1447 3455 παραπλη-

332 3470 406 3539 σίως
429 3470 464 3532 δέ
487 3471 618 3533 καὶτῶν
642 3470 746 3534 ἄλλων
770 3472 897 3554 θηρίων.
946 3469 1022 3555 μέρη
1053 3472 1109 3556 γάρ
1132 3471 1269 3534 τινακαὶ
1294 3469 1371 3553 μέλη
1397 3469 1448 3531 καλ

332 3568 408 3650 αἰμα
434 3567 505 3630 καθ’
536 3568 609 3630 αὑτὸ
638 3569 786 3636 πολλάκις
810 3568 1005 3653 εὐεργετοῦσι
1025 3571 1204 3652 κάμνοντας.
1246 3575 1312 3636 πῶς
1336 3565 1389 3630 οῦν
1414 3566 1448 3630 ἐκ

281 3682 317 3738 ω
333 3665 440 3733 κακίας
460 3665 523 3728 ἐστὶ
541 3664 578 3728 τὰ
598 3665 628 3728 ἐν
651 3665 737 3750 με’ρει
751 3667 800 3728 καί
818 3669 1000 3752 ὠφελοῦντα
1007 3690 1016 3743 ;
1039 3671 1134 3730 ταῦτα
1149 3671 1311 3750 τοιγαροῦν
1330 3665 1449 3727 ἅπαντα

331 3762 469 3846 χρήσιμα
504 3763 598 3846 μόνον
635 3761 674 3826 δι’
707 3763 892 3854 ἀνθρώπους
922 3764 1051 3849 ἡγητέον
1084 3763 1155 3828 οῦτε
1182 3765 1216 3826 δὲ
1244 3762 1348 3846 ἀγαθὰ
1377 3761 1448 3824 οῦτε

332 3858 412 3921 κακὰ
444 3861 727 3946 προσαγορευτέον,
764 3861 834 3931 δέος
865 3861 958 3946 μόνον
990 3862 1165 3946 ἀνθρώποις
1197 3860 1369 3943 ἀναγκαίως
1397 3857 1448 3940 έμ-

329 3961 478 4019 ποιοῦντα
493 3961 577 4043 ,πρὸς
604 3960 789 4045 ἐπιστροφὴν
814 3966 867 4024 τοῦ
890 3961 1070 4045 κρείττονος,
1099 3959 1150 4022 καὶ
1171 3960 1205 4022 τδ
1229 3959 1320 4042 ἀργὸν
1345 3955 1447 4018 αὐτῶν

333 4054 440 4137 ἀργίας
464 4056 548 4141 παρὰ
576 4058 751 4142 ἀνθρώποις
778 4057 958 4122 κωλυτικόν.
998 4061 1095 4120 κεῖται
1121 4056 1179 4141 γάρ
1206 4055 1283 4118 αἰιτολ
1306 4056 1450 4138 μάστιγος

282 4167 317 4221 35
336 4151 420 4234 δίκην
444 4153 632 4238 φαινομένης
652 4154 683 4217 έν
704 4155 780 4241 οἴκῳ
798 4158 875 4239 πρὸς
896 4154 1085 4237 κατασκευὴν
1107 4153 1272 4238 εὐλαβείας
1291 4156 1350 4214 τῶν
1370 4151 1448 4213 οἰκε-

332 4255 404 4327 τῶν,
426 4250 518 4320 εἴτις
536 4253 696 4337 ἀργήσειεν
719 4253 738 4336 ή
762 4251 853 4322 εἴτις
870 4252 1068 4337 πλημμελοίη
1091 4257 1151 4314 τῶν
1173 4249 1251 4315 κατά
1264 4251 1318 4334 τὴν
1336 4249 1449 4312 ἑστίαν.

332 4345 385 4419 42,
414 4349 442 4411 εἰ
461 4349 496 4412 δέ
515 4350 670 4434 πονηροὺς
691 4348 770 4413 ἔστιν
792 4351 865 4414 ἰδεῖν
887 4350 982 4434 μηδὲν
1004 4349 1062 4413 ὑπὸ
1077 4350 1192 4412 τούτων
1208 4346 1450 4434 βλαπτομένους,

332 4445 495 4530 θαύμασον
516 4451 570 4509 τοῦ
596 4445 746 4510 δεσπότου
770 4447 803 4509 τὸ
827 4448 1015 4524 ἀνεξίκακον,
1040 4446 1130 4510 οἰδὲν
1154 4447 1189 4510 δὲ
1208 4444 1297 4530 ἧττον
1320 4442 1449 4528 νοητέον

331 4543 385 4627 τὴν
398 4544 623 4628 παρακειμένην
639 4547 779 4630 μάστιγα.
800 4545 974 4611 τούναντίον
989 4545 1023 4608 δὲ
1036 4544 1093 4625 [εἰ]
1103 4545 1231 4630 χρηστοὶ
1242 4543 1450 4628 περιπίπτοιεν
