3517 5434
337 836 525 919 πεντήκοντά
546 844 634 899 σου“.
667 837 718 899 καί
742 836 848 920 ἐπειδὴ
872 836 1016 906 τοιαύτας
1038 837 1136 905 αἰτίας
1157 838 1209 901 καὶ
1229 835 1371 905 τοιαύτας
1391 836 1453 901 ἰπι·

337 934 437 1017 τιμίας
466 933 497 997 ἐν
526 935 609 1004 τάξει
633 934 781 1017 πονηρίας
808 936 860 999 καὶ
887 937 996 1005 κακίας
1021 937 1171 1014 τίθενται,
1200 936 1231 998 τί
1255 934 1362 1018 ἐροῦσι
1383 936 1454 1018 περὶ

338 1030 465 1095 Παύλου
473 1055 482 1107 ;
516 1030 596 1099 όστις
620 1032 695 1095 ποτὲ
721 1034 772 1095 τόν
801 1032 968 1116 λεγόμενον
997 1032 1173 1118 Βαριησοῦν
1199 1038 1251 1099 τόν
1279 1032 1375 1116 μάγον
1404 1033 1454 1096 ἐπί

335 1128 463 1213 Σεργίου
485 1125 613 1193 Παύλου
633 1128 821 1206 ἀνθυπάτου,
844 1134 887 1200 ὡς
907 1132 1121 1217 κακοτεχνίαις
1138 1136 1193 1193 τοῦ
1213 1128 1307 1213 λόγου
1326 1152 1453 1216 στρεφο-

303 1240 320 1295 5
340 1226 432 1311 μένην
455 1228 508 1311 τὴν
530 1227 665 1289 διάνοιαν
689 1230 748 1291 τῶν
769 1228 1004 1313 παιδευομένων
1025 1230 1121 1313 έιύρα,
1145 1227 1202 1291 οἰικ
1222 1226 1360 1311 ἤνεγκεν,
1386 1228 1453 1291 έπε-

335 1324 454 1408 τίμησε,
476 1324 615 1410 στέρησιν
638 1330 698 1387 τιῖιν
722 1326 894 1410 ὀφθαλμῶν
920 1327 1093 1410 εἰργάσατο,
1117 1325 1248 1412 ἐβόησεν
1271 1326 1316 1403 ,ὦ
1334 1327 1454 1410 πλήρης

337 1422 431 1484 δόλου
454 1424 505 1486 καὶ
529 1426 630 1507 πάσης
651 1424 856 1508 ῥᾳδιουργίας,
880 1423 928 1485 υἱὲ
949 1424 1108 1510 διαβόλου,
1132 1423 1169 1487 οό
1190 1423 1296 1508 παύση
1318 1422 1452 1507 διαστρέ-

337 1541 405 1602 φων
427 1519 482 1589 τός
502 1520 595 1589 όδοδς
615 1521 720 1605 κυρίου
740 1520 794 1589 τὰς
812 1519 952 1597 εόθείας;
975 1522 1026 1584 καί
1047 1522 1114 1586 ἰδοῦ
1135 1523 1203 1609 χεὶρ
1222 1522 1328 1605 κυρίου
1350 1521 1400 1583 έπί
1417 1521 1453 1584 σέ

335 1618 386 1683 καὶ
417 1616 473 1701 ἔση
502 1616 634 1702 τυφλός,
671 1619 712 1703 μὴ
744 1616 864 1702 βλέπων
894 1619 946 1681 τόν
972 1619 1061 1702 ’ἥλιον
1093 1619 1166 1706 ἄχρι
1185 1623 1327 1703 καιροῦ“.
1370 1619 1399 1681 τί
1418 1618 1453 1681 δέ

287 1730 320 1783 ιθ
339 1714 444 1800 ἐροῦσι
461 1716 530 1799 περὶ
549 1720 603 1778 τοῦ
624 1713 758 1801 Πέτρους
780 1716 830 1779 ότε
846 1715 990 1785 Ἀνανίας
1005 1718 1057 1780 καὶ
1073 1716 1237 1803 Σάπφειρα
1254 1718 1454 1801 πωλήσαντες

335 1814 499 1896 κτημάτιον
523 1812 722 1897 ἐνοσφίσαντο
746 1812 849 1897 μέρος,
875 1813 970 1898 μέρος
993 1816 1028 1877 δέ
1048 1816 1257 1898 κεκομίκασιν,
1283 1814 1330 1877 ότι
1351 1815 1482 1898 κρίνας·

335 1912 386 1973 καὶ
408 1908 533 1993 ἐλέγξας
554 1910 605 1973 τόν
627 1910 680 1993 μὲν
697 1910 841 1973 Ἀνανίαν
862 1912 969 1994 νεκρόν
994 1910 1108 1988 ἔδειξε,
1137 1912 1192 1995 τήν
1216 1912 1251 1974 δέ
1273 1910 1452 1996 Σάπφειραν

336 2012 380 2093 τῷ
410 2008 495 2092 αὐτῷ
524 2007 684 2093 μνηματίιρ
709 2007 944 2092 παραδέδωκεν.
989 2007 1104 2073 ἔκειντο
1136 2008 1193 2093 γὰρ
1223 2009 1342 2093 νεκροί,
1370 2007 1453 2094 λόγιρ

336 2104 543 2190 ἀνηρημένοι,
573 2103 663 2188 κάκεῖ
692 2106 746 2189 μὲν
777 2106 811 2168 τδ
833 2110 894 2189 πῦρ
916 2107 1064 2189 κομισθὲν
1086 2108 1231 2191 ἀνήλισκε
1253 2106 1325 2175 τοὺς
1346 2107 1453 2191 ἀφικο-

286 2215 319 2269 15
338 2202 466 2286 μένους,
498 2202 561 2267 ὦδε
584 2203 619 2265 δὲ
642 2202 733 2286 λόγος
753 2202 917 2287 προελθὼν
939 2204 970 2266 ἐν
995 2204 1086 2289 όψεσι
1107 2211 1168 2269 τῶν
1190 2203 1452 2288 μαθητευομένων

336 2299 461 2385 νεκροὺς
495 2296 592 2370 ἔδειξε
624 2301 694 2371 τσδς
728 2303 780 2385 τὴν
816 2301 913 2363 πίστιν
947 2300 1227 2386 κεκαπηλευκότας.
1279 2302 1369 2387 κάκεῖ
1396 2300 1452 2383 μὲν

332 2393 508 2465 Ἐλισσαῖος
527 2398 617 2481 θηρσὶ
636 2397 674 2461 τό
695 2401 825 2483 σώματα
844 2403 904 2463 τῶν
926 2399 1041 2483 νηπίων
1062 2399 1178 2476 ἐδίδου,
1199 2400 1263 2463 ὧδε
1279 2402 1315 2464 δέ
1329 2396 1453 2466 Παῦλος

336 2493 453 2579 ἀρήρει
485 2496 539 2579 τὴν
571 2494 676 2580 βλέψιν
712 2501 772 2560 τῶν
806 2497 955 2581 ἀμμάτων
988 2497 1039 2559 καί
1072 2499 1189 2581 τυφλὸν
1218 2500 1270 2561 τὸν
1299 2496 1453 2583 βλέποντα

336 2592 503 2675 εἰργάζετο.
540 2594 591 2657 καί
611 2598 740 2657 τοιαῦτα
760 2596 942 2680 πράττοντες
961 2594 1015 2663 τὰς
1032 2594 1183 2678 ἐπιτιμίας
1205 2596 1387 2659 δεδώκασιν.
1424 2593 1453 2655 εἰ

284 2704 320 2761 w
338 2687 391 2754 σύν
421 2690 470 2753 ἐπὶ
499 2688 624 2760 ἀτόποις
650 2692 669 2775 ή
701 2691 834 2776 ἐπιτιμία
862 2694 1096 2779 λα[μ]βάνεται,
1125 2690 1236 2755 ἄτοποι
1262 2691 1378 2777 Πέτρος
1400 2691 1452 2755 καὶ

336 2785 477 2857 Παῦλος·
513 2789 540 2851 εἰ
569 2790 604 2853 δέ
633 2790 727 2853 καλοί
753 2792 827 2853 εἰσιν
853 2791 899 2855 ότι
920 2790 1091 2855 ἀπόστολοί
1112 2791 1171 2853 εἰσι
1191 2791 1244 2853 καὶ
1264 2790 1358 2853 καλοί
1376 2789 1451 2852 εἰσιν

336 2884 382 2949 ὅτι
404 2885 642 2975 ἐπιτετιμήκασι,
665 2888 695 2951 τί
713 2889 890 2972 διαβάλλεις
912 2888 965 2958 τὰς
987 2889 1146 2971 ἐπιτιμίας,
1166 2890 1218 2951 καί
1238 2891 1299 2953 τιῦν
1322 2884 1452 2949 ἀποστό-

335 2986 398 3047 λων
428 2982 589 3067 ἐπιτιμίαις
610 2984 817 3069 χρησαμένων
824 3008 833 3061 3
866 2985 895 3048 εἰ
914 2984 986 3053 τοὺς
1008 2984 1062 3066 μὲν
1085 2986 1278 3054 ἀποστόλους
1300 2982 1451 3069 ἀποδεχό-

336 3081 429 3165 μεθα,
452 3081 505 3151 τὰς
526 3082 561 3145 δὲ
583 3081 733 3165 ἐπιτιμίας
753 3082 955 3167 μεμφόμεθα,
976 3083 1014 3145 ού
1032 3080 1110 3144 κατὰ
1127 3080 1295 3166 πρόσωπον
1314 3083 1343 3143 οἰ
1361 3080 1451 3164 νόμοι

283 3190 318 3247 θῦ
336 3181 471 3265 κρίνουσι
490 3182 529 3245 τά
546 3182 709 3265 πράγματα
724 3181 744 3263 ἢ
760 3182 946 3261 δικάζουσιν,
969 3180 1006 3243 ού
1022 3180 1100 3263 πρδς
1111 3179 1148 3243 τὰ
1160 3178 1313 3264 πρόσωπα
1326 3179 1451 3264 ἐρεσχο-
1531 3211 1539 3219 ·

335 3280 434 3355 λυῦσι,
456 3284 496 3363 τῇ
513 3280 548 3342 δὲ
562 3283 622 3340 τῶν
635 3278 776 3362 πράξεων
799 3276 956 3362 όμυιότητι
977 3276 1203 3363 συντρέχουσιν.
1236 3278 1328 3354 ἀλλά,
1347 3277 1451 3363 φησίν,

335 3374 477 3461 ἐλεήμων
503 3379 519 3441 ό
543 3375 625 3453 υἱός,
654 3375 796 3459 ἐλεήμων
822 3378 838 3439 ό
862 3375 900 3437 τά
923 3373 1088 3457 εὐαγγέλια
1109 3376 1328 3458 γεγραφηκός,
1358 3374 1410 3437 καί
1434 3375 1450 3437 ό

335 3471 476 3556 ἐλεήμων
499 3472 636 3557 γέννημά
658 3473 722 3535 ἐστι
742 3476 797 3535 τοῦ
820 3472 1004 3555 ἐλεήμονας,
1034 3472 1051 3535 ό
1075 3472 1110 3535 δέ
1130 3470 1225 3555 νόμος
1250 3472 1382 3557 τραχύς,
1412 3465 1449 3535 οό

335 3572 548 3652 συγγινώσκων
572 3575 635 3639 τοῖς
654 3568 858 3653 ἡμαρτηκόσι,
882 3571 1055 3654 σπλάγχνον
1075 3569 1110 3631 δὲ
1132 3567 1198 3654 ἔχει
1210 3570 1245 3633 τό
1260 3568 1450 3652 εὐαγγέλιον,

283 3678 319 3735 ω
337 3666 502 3731 συστέλλυν
532 3670 587 3752 μὲν
616 3668 668 3737 τὰς
694 3667 926 3751 πλημμελείας,
956 3664 1103 3750 κηρύττον
1132 3668 1167 3730 δὲ
1194 3668 1248 3736 τὰς
1278 3666 1450 3751 μετανοίας,

335 3765 402 3849 ἰδοὺ
424 3766 481 3851 γὰρ
504 3768 520 3831 ό
545 3768 664 3851 σωτήρ,
688 3760 826 3841 λέξουσι,
847 3766 899 3829 καὶ
923 3762 1041 3848 Πέτρου
1065 3763 1281 3847 ἀρνησαμένου
1305 3764 1449 3849 ἐφείσατο

333 3864 385 3927 καλ
407 3864 573 3949 ἁμάρτημα
592 3867 770 3949 τηλικοῦτον
790 3860 1075 3946 πεπλημμεληκότα
1093 3861 1256 3945 παρίστησι
1276 3862 1328 3925 καὶ
1350 3862 1450 3944 ἁπλῆν

334 3961 387 4045 τὴν
410 3962 643 4047 φιλανθρωπίαν
666 3962 930 4047 προσπεποίηται,
961 3957 1134 4042 ὑπόδειγμα
1158 3960 1209 4023 τόν
1239 3958 1337 4043 ἀνδρα
1361 3958 1450 4021 παντὶ

333 4064 377 4143 τῷ
407 4058 464 4143 βίιμ
493 4062 744 4137 καταλελοιπώς,
775 4058 824 4123 ἵνα
851 4063 905 4141 τῆς
936 4059 1049 4121 ἑαυτοῦ
1085 4056 1319 4140 φιλανθρωπίας
1345 4055 1451 4120 εἰκόνα

282 4166 317 4221 ab
336 4154 451 4219 ἐκεῖνον
470 4158 628 4241 παράσχη.
663 4158 693 4221 τί
712 4155 765 4220 οῦν
788 4159 804 4221 ό
824 4154 935 4240 νόμσςς
957 4153 1019 4239 ἀρα
1035 4153 1149 4237 ἀπορεῖ
1160 4158 1215 4237 τῆς
1229 4155 1388 4239 μιμήσεως
1399 4154 1450 4217 καὶ

333 4254 527 4335 κατάλληλον
550 4252 654 4318 εἰκόνα
677 4253 733 4317 οόκ
756 4252 837 4339 έχει;
861 4254 912 4317 καί
935 4250 1052 4335 Πέτρος
1072 4251 1126 4334 μέν
1152 4252 1321 4320 σπουδαῖος
1337 4252 1380 4314 ὢν
1399 4251 1451 4315 καί

335 4350 463 4434 σφαλεὶς
483 4350 595 4435 ἀφέσει
614 4351 665 4413 καὶ
685 4352 880 4436 συγχωρήσει
901 4350 1067 4434 τετίμηται,
1089 4347 1191 4417 ούδείς
1212 4348 1247 4411 δὲ
1261 4348 1293 4411 ἐν
1307 4354 1352 4435 τῷ
1363 4347 1450 4434 νόμην

332 4448 560 4532 πλημμελήσας
571 4448 621 4511 καί
635 4446 714 4531 μέγα
727 4449 953 4533 πλημμελήσας
963 4450 1002 4529 τῇ
1014 4446 1160 4530 μετανοίᾳ
1170 4446 1224 4530 τὴν
1237 4444 1346 4531 ἄφεσιν
1360 4445 1449 4529 ἐμνη-

335 4544 498 4622 στεύσατσς
517 4547 545 4609 εἰ
558 4545 681 4630 μὲνγὰρ
696 4546 867 4628 ἀγνοοῦσιν,
883 4544 1014 4630 ἐροῦμεν
1026 4546 1060 4607 τὸ
1073 4542 1284 4628 γεγραμμένον
1299 4541 1449 4626 ,ἐλέησόν
