3517 5434
312 1691 413 1809 [θεῖσι
437 1744 493 1828 μὲν
515 1742 561 1811 οἷς
580 1742 687 1826 γέγονε
709 1742 759 1806 διὰ
783 1744 920 1826 σπουδῆς
942 1748 1002 1806 τῶν
1026 1743 1057 1807 έν
1074 1745 1250 1832 ἀνθρώποις
1261 1747 1430 1834 ἁμαρτανο-

315 1841 416 1927 μένων
442 1840 496 1910 τὰς
524 1841 622 1908 αἰτίας
650 1839 764 1910 ἐξελεῖν
801 1840 896 1916 θεοῦ,
928 1839 1012 1910 όσιός
1038 1865 1071 1905 τε
1097 1843 1148 1906 καὶ
1177 1844 1297 1928 ἀληθὴς
1325 1845 1432 1928 γέγονε

313 1938 391 2002 κατά
416 1941 509 2000 τοῦτο
536 1941 598 2000 τῶν
627 1937 775 2001 τοιούτων
809 1938 826 2000 ύ
855 1936 986 2015 σκοπός,
1020 1939 1082 2022 εἴγε
1108 1941 1148 2025 μὴ
1173 1941 1373 2026 διαφυγόντες
1397 1944 1431 2006 τὸ

312 2039 455 2123 προνοεῖν
485 2038 545 2097 τῶν
570 2033 641 2097 καθ’
662 2035 745 2118 ήμῦις
771 2034 919 2100 τὸνθεόν
944 2035 1082 2120 εὐλόγως
1102 2039 1153 2102 καὶ
1179 2038 1361 2124 φιλαλήθως
1383 2039 1431 2102 ἀν-

312 2136 451 2220 θρώποις
474 2131 628 2216 ἀνέθηκαν
649 2131 687 2195 τά
702 2135 788 2216 σφῶν
801 2130 902 2195 αὐτῶν
917 2134 1134 2220 ἁμαρτήματα,
1156 2135 1305 2220 ἐπείτοιγε
1327 2139 1466 2222 μικρὸνῦ

314 2233 421 2297 ἰᾶσθαί
440 2256 468 2295 τι
492 2228 697 2317 βουληθέντες
717 2231 833 2313 μείζονι
852 2232 903 2294 καὶ
915 2234 1046 2317 χαλεπιγῖ
1059 2233 1209 2316 νοσήματι
1223 2237 1276 2317 τῆς
1292 2234 1434 2320 ἀσεβείας

312 2329 507 2416 περιέπεσον,
531 2329 575 2395 είς
597 2326 721 2413 ἄρνησιν
742 2331 796 2410 τῆς
818 2327 850 2391 ἐν
871 2330 961 2392 παντὶ
982 2330 1170 2415 φαινομένης
1186 2335 1241 2394 τοῦ
1262 2332 1339 2394 θεοῦ
1361 2354 1432 2415 προ-

315 2428 400 2496 νοίας
431 2425 616 2511 ἐμπεσόντες
646 2460 686 2473 -
714 2425 730 2488 ό
754 2425 790 2488 δὲ
812 2424 937 2510 Μάνης,
969 2426 1003 2491 ἐκ
1021 2430 1185 2515 βαρβάρων
1205 2429 1285 2517 [ὢν]
1308 2429 1359 2493 καὶ
1382 2433 1435 2513 τῆς
1547 2446 1560 2496 ,·

315 2525 425 2608 μανίας
447 2523 542 2607 αότής
562 2523 741 2608 ἐπώνυμος,
772 2520 816 2586 ἔτι
838 2525 915 2608 πρὸς
938 2523 1082 2611 ἀσέβειαν
1111 2527 1336 2614 βλαβερωτέρην
1360 2548 1434 2611 φαρ-

314 2623 404 2707 μοίκιμ
429 2621 654 2706 κατεχρήσατο.
703 2621 810 2689 κακίας
837 2621 895 2705 γὰρ
930 2621 1064 2686 ἀναίτιον
1092 2625 1253 2695 ἀποδεῖξαι
1279 2627 1330 2688 τὸν
1358 2625 1431 2686 θεὸν
1450 2629 1485 2684 1⁰

315 2718 480 2805 βουληθεὶς
510 2719 616 2782 κακίαν
650 2717 823 2802 παρόμοιον
857 2718 1040 2804 ἀντέστησεν
1070 2721 1164 2807 αὐτῷ,
1199 2721 1345 2806 ἀγένητον
1375 2723 1434 2802 (ὥς

315 2821 421 2903 φησιν)
443 2816 592 2900 ἀγενήτῳ,
618 2817 720 2885 ζῶσαν
741 2818 840 2891 ζῶντι,
863 2815 912 2878 ἀεὶ
935 2817 991 2898 μὲν
1015 2817 1257 2902 ἐπανισταμένην
1271 2819 1322 2882 καὶ
1336 2841 1432 2904 μαχο·

183 2988 188 2998 ,
315 2915 409 3000 μένην
431 2917 483 2979 καὶ
505 2915 619 2978 ούποτε
643 2913 686 2997 μὴ
709 2910 780 2997 ούχλ
801 2912 966 2995 πράγματα
986 2913 1185 3000 παρέχουσαν
1198 2915 1293 3000 αὐτῷ,
1314 2915 1432 2998 ἀναιρε-

314 3012 408 3095 θῆναι
432 3013 468 3076 δὲ
488 3013 567 3097 πρὸς
593 3010 690 3074 αὐτοῦ
708 3010 867 3078 παντελῶς
889 3009 930 3092 μή
953 3009 1124 3095 δυναμένην
1146 3014 1188 3080 ῶς
1211 3011 1309 3075 ἀίδιόν
1332 3033 1365 3074 τε
1382 3013 1434 3075 καὶ

315 3109 624 3196 συμπεπληρωμένην
649 3109 703 3192 τὴν
732 3105 837 3170 οίισίαν
866 3108 918 3170 καὶ
939 3105 1085 3191 ἀγένητον
1107 3145 1147 3158 -
1167 3110 1219 3173 καὶ
1240 3109 1353 3172 καπνὸν
1374 3109 1434 3188 (ῶς
1451 3113 1484 3168 15

315 3209 407 3293 φασί)
430 3208 553 3294 φεύγων
571 3205 769 3289 ἐμπέπτωκεν
793 3206 837 3273 είς
850 3205 884 3266 τό
896 3208 967 3286 πῦρ.
999 3201 1048 3266 ἵνα
1062 3205 1119 3292 γάρ
1135 3207 1176 3290 μή
1200 3211 1259 3270 τῶν
1274 3203 1432 3290 παρ’ήμῖν

316 3309 360 3375 ῶς
383 3305 480 3370 οἴεται
507 3309 610 3367 κακῶν
631 3302 756 3388 ὑπέχειν
775 3301 918 3386 δοκήτάς
932 3300 1029 3369 αἰτίας
1049 3302 1065 3364 ό
1086 3303 1169 3381 θεός,
1193 3301 1284 3372 αὐτός
1303 3325 1338 3386 γε
1361 3303 1436 3388 όλης
1510 3310 1516 3325 “

315 3406 395 3472 τινὸς
416 3404 468 3466 καί
496 3401 669 3485 ὁλοκλήρου
698 3399 773 3485 παρ’
796 3400 882 3486 αὑτοῦ
908 3399 1015 3468 κακίας
1041 3400 1269 3486 παραπολαύει.
1311 3401 1435 3488 τίγοίρς

316 3503 344 3564 εἰ
367 3499 577 3586 μακροθύμως
597 3499 649 3563 καὶ
672 3502 778 3584 σοφῶς
798 3500 857 3578 (ῶς
876 3496 968 3582 φησῡ
986 3499 1238 3586 μεταχειρίζεται,
1261 3499 1331 3564 ἀλλ’
1350 3500 1435 3584 όμως

316 3597 374 3661 οῦκ
395 3596 591 3680 ἀπολέμητος
613 3595 650 3660 ἀν
673 3594 721 3678 εἴη
743 3596 821 3658 κατά
848 3617 883 3678 γε
905 3596 959 3681 τὴν
987 3596 1128 3680 τοιαύτην
1155 3595 1317 3660 ὑπόθεσιν·
1345 3594 1381 3658 ού
1406 3596 1436 3658 τί
1450 3599 1486 3655 20

315 3693 353 3757 ἀν
371 3693 490 3776 γένοιτο
517 3697 577 3756 τῶν
600 3692 777 3777 πρεπόντων
803 3693 874 3776 περὶ
896 3692 974 3756 θεοῦ
998 3695 1152 3777 λογισμῶν
1175 3694 1436 3779 ἀλλοτριῶτερον;

317 3789 363 3854 ότι
387 3789 441 3872 μέν
465 3787 522 3873 γάρ
543 3789 670 3874 εῦσεβές
688 3793 749 3850 τῶν
775 3788 860 3872 παρὰ
880 3788 1056 3872 ἀνθρώποις
1078 3791 1275 3875 ἀδικημάτων
1302 3790 1434 3854 ἀναίτιον

315 3888 405 3951 παντὶ
430 3885 532 3950 σθένει
556 3887 700 3949 τὸνθεόν
724 3885 899 3968 ὁμολογεῖν,
921 3891 1042 3971 πρῶτος
1059 3886 1239 3974 πρεσβεύειν
1262 3887 1436 3952 ἐσπούδακε

314 3989 369 4069 τῆς
390 3983 559 4067 καθολικής
582 3982 745 4066 ἐκκλησίας
766 3983 783 4046 ό
805 3981 913 4066 λόγος·
946 3983 1136 4068 ζητουμένου
1164 3985 1199 4048 δὲ
1228 3987 1294 4049 τίνα
1323 3984 1435 4071 τρόπον
1489 4007 1493 4018 ·

315 4085 558 4167 πλημμελοῦμεν
571 4082 671 4166 ἡμεῖς,
693 4084 749 4143 τοῦ
771 4081 849 4144 θεοῦ
863 4081 905 4165 μὴ
929 4079 1134 4168 βουλομένου,
1157 4081 1193 4145 ού
1206 4083 1276 4168 περὶ
1288 4081 1436 4168 μειζόνων
1452 4086 1488 4141 25

315 4183 547 4263 κατηγοροῦμεν
567 4180 655 4256 θεοῦ,
671 4179 742 4262 περὶ
754 4177 942 4263 μικροτέρων
958 4179 1062 4263 ῶσπερ
1086 4179 1202 4249 ἐκεῖνος
1213 4181 1438 4262 ἀπολογεῖσθαι

317 4274 519 4362 βουλόμενοι,
554 4275 625 4340 ἀλλ’
653 4273 747 4359 αὑτὴν
781 4280 836 4360 τῆς
865 4277 1016 4361 ἀληθείας
1045 4277 1111 4360 τήνΙ
1135 4279 1208 4342 ύθθν
1242 4276 1277 4342 ἐκ
1308 4299 1341 4339 τε
1376 4283 1436 4342 τῶν

317 4371 412 4455 ἁγίων
429 4378 557 4458 γραφῶν
568 4373 620 4437 καὶ
631 4377 692 4436 τῶν
706 4379 816 4438 κοινῶν
830 4373 955 4438 ἐννοιῶν
978 4373 1102 4461 ἔχοντες
1123 4375 1273 4459 ἀσφαλῶς
1286 4372 1436 4459 όδεόομεν

315 4470 394 4554 πρὸς
413 4469 466 4553 τὴν
491 4470 634 4554 τοιαύτην
656 4473 790 4555 ζήτησιν,
813 4475 859 4557 τῷ
877 4496 912 4555 γε
934 4473 1056 4541 ἑαυτοῖς
1076 4470 1259 4556 φιλαλήθως
1270 4462 1454 4556 προσεγκαῃ

317 4571 382 4630 λεῖν
401 4567 515 4654 εὐσεβῆ
540 4569 594 4652 τήν
619 4569 772 4638 ἀπόδειξιν
791 4570 845 4652 τήν
867 4570 943 4654 ὑπὲρ
972 4570 1048 4631 θεοῦ
1076 4566 1268 4651 ποιούμενοι.
1311 4567 1348 4633 οῦ
1377 4568 1435 4654 γὰρ
1453 4585 1489 4642 30
