3517 5434
1609 255 1616 322 ἰ

1614 345 1616 358 t

395 734 447 789 108
794 735 862 806 Περὶ
878 737 926 788 νοῦ
944 734 1043 791 τοιτσῐι.
1331 757 1384 807 cup.
1405 737 1446 791 lu.

395 888 520 982 ἀνάγκῃ
549 892 584 955 dd
606 892 663 955 καὶ
685 888 706 968 ἡ
726 885 868 976 πρόνοια
897 892 953 955 καὶ
974 887 996 968 ἡ
1019 885 1117 976 φύσις
1147 886 1276 977 ὄργανά
1299 897 1368 958 ἐστι
1389 896 1448 958 τοῦ

394 998 527 1087 κόσμου,
540 1004 596 1066 καὶ
618 1003 678 1079 τῆς
697 995 818 1080 τάξεως
840 1004 899 1080 τῆς
926 995 1020 1079 ὕλης·
1050 1002 1106 1065 καὶ
1136 1002 1201 1067 τῶν
1229 1006 1290 1086 μὲν
1318 1007 1447 1084 νοητάν

394 1110 532 1180 ἕκαστόν
560 1118 648 1178 ἐστιν
670 1109 781 1191 οὐσία,
810 1109 909 1178 οὐσία
938 1113 972 1178 δὲ
994 1109 1104 1178 αὐτῶν
1125 1109 1146 1192 ἡ
1168 1111 1336 1194 ταυτότης.
1380 1119 1480 1181 uuirt

395 1227 429 1291 δὲ
457 1225 517 1291 τοῦ
543 1217 668 1301 παντὸς
694 1219 855 1308 σωμάτιον
883 1229 1021 1290 ἕκαστον
1047 1219 1156 1290 πολλά
1184 1230 1280 1293 ἐστιν.
1329 1228 1447 1312 ἔχοντα
1616 1303 1617 1310 ¹

394 1331 458 1422 yolo
479 1330 541 1416 τὴν
563 1332 749 1416 ταυτότητα
770 1332 813 1400 τά
835 1331 984 1400 σύνθετα
1006 1331 1159 1419 σώματα,
1186 1339 1242 1401 καὶ
1263 1333 1325 1417 τὴν
1346 1362 1446 1423 μετα-
1516 1341 1519 1348 ’
1616 1311 1619 1376 l

392 1444 500 1532 βσλὴν
532 1453 578 1525 εὶς
603 1441 734 1528 άλληλα
759 1442 957 1530 ποιούμενα,
991 1442 1044 1511 olei
1070 1446 1129 1526 τῆς
1155 1445 1356 1528 ταυτότητος
1384 1445 1480 1534 silve

329 1561 370 1627 15
391 1557 596 1648 ἀφθαρσίαν
624 1554 725 1638 σώζει.
775 1563 813 1624 ἐν
839 1557 874 1622 δὲ
901 1563 972 1634 τοῖς
1006 1551 1120 1634 ἄλλοις
1154 1561 1330 1637 συνθέτοις
1362 1564 1446 1627 πᾶσι

369 1701 372 1705 ·
393 1666 544 1754 σάμασιν
564 1664 714 1756 ἀριθμὸς
741 1665 881 1736 ἑκάστου
903 1671 987 1734 ἐστί·
1003 1672 1113 1758 -χωρὶς
1134 1665 1198 1758 γάρ
1219 1668 1371 1758 ἀριθμοῦ
1390 1667 1444 1738 σά-

393 1803 510 1848 στασιν
531 1778 554 1862 ἢ
575 1775 772 1861 σύνθεσινῆ
792 1778 943 1850 διάλυσιν
963 1776 1129 1848 ἀδύνατον
1150 1783 1319 1866 γενέσθαι.
1352 1789 1388 1850 αἱ
1410 1785 1480 1852 dds

392 1890 506 1971 ἐνάδες
526 1889 585 1961 τὸν
607 1886 759 1981 ἀριθμὸν
780 1895 918 1977 γεννῶσι
939 1895 995 1958 καὶ
1017 1888 1160 1972 αὔξουσι,
1182 1895 1238 1959 καὶ
1259 1891 1359 1961 πάλιν
1373 1898 1445 1962 δια-

395 2002 552 2090 λυόμενοι
574 2011 618 2083 τις
639 2000 759 2082 ἑαυτάς
780 2005 940 2090 δέχονται.
963 2005 1019 2068 καὶ
1041 2001 1062 2083 ἡ
1084 2000 1146 2083 ὕλη
1168 2009 1246 2089 μία·
1270 2005 1288 2071 ὁ
1311 2007 1345 2071 δὲ
1368 2005 1446 2091 σύμ-

390 2141 457 2195 τιας
477 2115 601 2202 κόσμος
623 2107 728 2194 οὗτος,
750 2114 769 2180 ὁ
791 2120 895 2199 μέγας
917 2108 1000 2190 θεὸς
1021 2117 1077 2178 καὶ
1099 2116 1159 2180 τοῦ
1179 2117 1330 2198 μείζονος
1344 2115 1445 2196 sodo,
1464 2133 1498 2183 12

391 2231 447 2293 καὶ
468 2226 635 2311 ἡνωμένος
656 2233 781 2310 ἐκείνῳ,
810 2228 866 2289 καὶ
895 2221 1068 2302 συσσώζων
1090 2220 1151 2303 τὴν
1172 2223 1265 2303 τάξιν
1287 2229 1342 2290 καὶ
1363 2226 1444 2308 βού-

391 2340 486 2416 λησιν
507 2341 568 2401 τοῦ
588 2337 727 2419 πατρός,
755 2332 917 2419 πλήρωμά
945 2340 1013 2397 ἐστι
1042 2335 1100 2411 τῆς
1128 2334 1219 2411 ζωῆς·
1265 2337 1321 2403 καὶ
1348 2334 1444 2402 οὐδέν

391 2454 480 2511 ἐστιν
502 2451 537 2512 ὲν
558 2441 663 2528 τούτῳ
685 2437 742 2508 διά
761 2438 887 2518 παντὸς
909 2443 968 2508 τοῦ
983 2443 1102 2518 αἰῶνος
1116 2445 1175 2522 τῆς
1188 2441 1344 2532 πατρῴας
1358 2444 1443 2514 άιτο-
1462 2459 1496 2512 15

389 2552 634 2634 καταστάσεως,
663 2549 737 2621 οὔτε
766 2555 824 2620 τοῦ
844 2547 970 2630 παντὸς
991 2547 1065 2620 οὔτε
1088 2557 1153 2619 τῶν
1174 2549 1260 2620 κατά
1280 2561 1394 2644 μέρος,
1424 2555 1443 2624 ὃ

391 2665 463 2751 οὐχὶ
491 2668 537 2758 ζῇ.
588 2660 704 2753 νεκρὸν
731 2659 796 2753 γάρ
827 2662 902 2732 οὐδὲ
932 2666 966 2731 ἓν
996 2658 1069 2732 οὔτε
1097 2669 1230 2751 γέγονεν
1259 2663 1333 2734 οὔτε
1356 2671 1444 2736 ἔστιν
1522 2732 1538 2762 ‚

391 2771 464 2843 οὔτε
486 2780 579 2844 ἔσται
600 2784 636 2843 ἐν
656 2782 703 2864 τῷ
727 2774 849 2863 κόσμῳ.
895 2772 980 2858 ζωὴν
1010 2770 1074 2862 γάρ
1102 2775 1271 2858 ἠθέλησεν
1293 2779 1311 2846 ὁ
1333 2780 1443 2870 πατὴρ
1464 2798 1495 2849 18
1586 2821 1590 2827 -

461 2981 484 3034 l.
502 2980 520 3050 ἡ
537 2997 593 3034 ante
611 2979 724 3053 πρόνοια
741 2996 765 3035 et
783 2996 839 3033 ante
857 2977 936 3051 φάσις
954 3000 1004 3031 om.
1025 2979 1056 3032 Β.
1164 2979 1189 3031 3.
1209 2977 1291 3036 odoia
1307 3003 1358 3036 om.
1377 2984 1442 3036 Pru.

460 3066 486 3119 ὅ.
503 3069 540 3121 τὰ
557 3089 607 3122 om.
626 3068 658 3123 B.
678 3064 693 3138 Η
730 3063 872 3123 ἀσύνθετα
890 3065 962 3118 Tied.
1046 3065 1087 3118 13.
1106 3062 1194 3130 σώζων
1212 3070 1245 3119 Α.
1328 3069 1370 3123 1⁵.
1388 3092 1443 3124 τια-

459 3153 546 3222 voulut,-
562 3175 616 3208 om.
632 3153 700 3208 Patr.
774 3153 815 3208 18.
836 3151 914 3222 ζωὴν]
933 3153 968 3206 sie
985 3153 1076 3216 Fluso,
1094 3153 1159 3216 ζῶον
1176 3153 1274 3223 reliqui.

389 3349 479 3406 dentis
497 3360 525 3404 et
541 3359 635 3405 notura
653 3368 750 3424 organa
765 3359 832 3404 sunt
848 3349 941 3406 mnndi
960 3359 987 3405 et
1005 3349 1108 3406 ordinis
1130 3351 1269 3414 materiam
1290 3347 1442 3423 intelligibi-

389 3435 454 3491 lium
472 3434 599 3511 qnodque
617 3443 660 3489 est
677 3435 803 3502 essentis,
824 3438 940 3490 essentia
960 3455 1025 3491 vero
1045 3454 1136 3491 eorum
1154 3445 1196 3490 est
1213 3434 1347 3490 identitss.
1384 3453 1442 3492 eor·

388 3540 485 3598 porum
499 3521 620 3578 universi
633 3518 760 3595 quodque
772 3518 917 3576 multitudo
931 3530 982 3578 est.
1007 3541 1067 3578 nam
1082 3539 1194 3598 corporo
1214 3523 1362 3598 composito
1381 3541 1441 3578 cnm

388 3607 557 3664 identitstem
577 3605 739 3664 habeantet
756 3606 784 3661 in
802 3625 833 3662 se
855 3608 970 3664 invicem
992 3617 1141 3676 mutentur,
1164 3627 1271 3685 semper
1292 3607 1441 3666 identitatis

388 3697 618 3772 incorruptionem
639 3700 756 3748 servunt.
791 3693 819 3748 in
838 3691 899 3749 aliis
916 3713 982 3751 vero
1000 3695 1124 3752 omnibus
1147 3696 1305 3770 compositis
1322 3698 1443 3773 corpori·

388 3781 440 3835 bus
458 3799 586 3836 uumerus
605 3780 735 3853 cuiusque
754 3787 808 3845 τοις
830 3781 890 3835 sine
913 3799 1023 3837 numero
1043 3783 1111 3836 euim
1131 3781 1289 3837 constitutio
1308 3791 1354 3838 sut
1371 3801 1442 3838 oom-

388 3866 490 3942 positio
508 3874 556 3920 sut
572 3862 718 3920 dissolutio
735 3863 796 3920 fieri
812 3885 868 3921 uon
886 3875 984 3942 potest
1022 3869 1138 3923 unitates
1161 3885 1298 3922 nnmerum
1314 3868 1442 3942 generant

390 3962 417 4008 et
440 3961 550 4028 nogent,
572 3960 601 4006 et
621 3970 717 4008 rursus
739 3949 890 4008 dissolutae
912 3953 989 4008 inse
1011 3955 1085 4030 ipsas
1107 3953 1248 4030 recipiunt
1284 3962 1312 4007 et
1333 3953 1441 4007 muteris

388 4057 453 4105 σοι,
477 4038 619 4094 universus
642 4048 729 4096 sutem
746 4037 791 4095 hio
808 4037 937 4106 mundus,
959 4057 1069 4113 magnus
1087 4038 1154 4095 deus
1172 4048 1200 4093 et
1218 4037 1325 4092 maioris
1345 4038 1441 4111 imago,

389 4132 418 4178 et
436 4124 526 4178 unitus
548 4123 603 4195 illi,
626 4135 653 4181 et
674 4144 786 4183 servans
810 4124 931 4180 ordinem
950 4133 977 4179 et
994 4123 1158 4182 voluntatem
1180 4123 1278 4200 patris,
1300 4120 1441 4198 plenitudo

389 4217 432 4264 est
449 4210 527 4266 vitoe.
564 4220 592 4265 et
609 4211 677 4267 nihil
695 4221 737 4268 est
754 4213 783 4266 in
800 4230 833 4265 eo
850 4230 901 4287 per
918 4219 1005 4266 totum
1022 4229 1116 4266 sevum
1126 4217 1253 4286 paternae
1266 4208 1442 4276 circuitionis,

388 4315 477 4372 neque
498 4298 583 4354 totius
605 4315 694 4373 neque
715 4298 842 4374 portium,
865 4295 939 4372 quod
961 4315 1015 4351 non
1038 4297 1119 4352 vivut.
1159 4302 1293 4350 mortuum
1316 4296 1386 4351 enim
1407 4315 1442 4350 ne

389 4401 471 4440 unum
496 4383 609 4460 quidem·
627 4392 673 4440 sut
690 4392 781 4439 nutum
798 4393 905 4440 estant
923 4391 966 4438 est
987 4399 1074 4456 neque
1096 4382 1149 4437 erit
1165 4382 1194 4438 in
1212 4379 1321 4438 mundo.
1356 4380 1443 4438 voluit

389 4473 458 4528 enim
481 4481 558 4548 poter
579 4472 661 4530 vitum
679 4471 704 4527 ei
722 4470 825 4538 inesse,
847 4468 934 4527 donee
957 4477 1077 4536 ceneten
1099 4467 1161 4526 ideo
1184 4471 1264 4526 etism
1285 4468 1364 4528 deum
1382 4485 1443 4524 esse
