3517 5434
305 626 387 682 Ἰούλ
837 613 897 672 1¹8

309 780 382 842 θεδν
411 777 502 861 λόγον
532 775 696 861 ἔνσαρκον,
726 776 893 859 όμοούσιον
919 782 963 861 τῷ
985 777 1074 860 πατρὶ
1092 776 1142 838 καὶ
1167 775 1197 844 ἐξ
1223 775 1321 861 ἀρχῆς
1342 775 1425 852 όντα,

311 876 458 959 ἄτρεπτον
481 876 515 938 δέ
538 875 568 936 ἐν
590 880 630 957 τῇ
653 876 807 957 σαρκώσει
827 876 879 936 καὶ
901 875 1006 956 ἀπαθῆ
1032 873 1063 934 ἐν
1087 878 1150 941 τοῖς
1167 871 1307 934 πάθεσιν.
1342 873 1425 955 όμυί-

311 996 354 1042 ως
379 972 523 1056 ἀνάθεμα
553 971 632 1036 ἔστω
658 973 710 1034 καὶ
738 973 754 1034 ό
778 973 831 1054 τὴν
852 974 951 1057 σάρκα
971 978 1024 1036 τοῦ
1047 976 1186 1054 σωτῆρος
1204 969 1245 1052 μὴ
1270 970 1366 1052 λέγων
1392 970 1427 1032 ἐκ

309 1068 440 1153 Μαρίας,
463 1071 533 1134 ἀλλ’
558 1070 589 1139 ἐξ
613 1069 759 1152 ούρανοῦ,
781 1070 800 1152 ἢ
823 1069 961 1132 ἀκτιστον
982 1071 1073 1151 φύσει
1095 1070 1148 1150 τὴν
1169 1065 1241 1151 [72]
1263 1068 1355 1130 κτίσιν
1375 1068 1426 1130 καὶ

275 1167 342 1237 ύέξ
369 1167 426 1230 ούκ
449 1166 555 1232 ὄντων.
600 1173 638 1250 τῖγ
664 1167 699 1229 δὲ
721 1169 798 1249 πρὸς
819 1167 870 1230 τδν
896 1165 1034 1230 ἄκαστον
1059 1167 1132 1230 θεὸν
1157 1166 1266 1227 ἑνώσει
1288 1165 1304 1228 δ
1327 1163 1425 1245 λέγων

311 1266 413 1328 θείκδν
434 1263 469 1328 τὸ
494 1271 585 1348 σῶμα
606 1265 657 1327 καὶ
676 1270 867 1347 προσκυνοῦν
891 1263 969 1326 κατά
990 1265 1027 1326 τὸ·
1048 1261 1279 1346 συναμφότερον
1306 1264 1348 1346 ύις
1372 1261 1426 1324 ἕνα

311 1363 448 1426 ἀκτιστον
471 1361 562 1438 θεόν,
586 1362 733 1444 μακάριος
753 1359 848 1424 ἔσται.
896 1363 937 1446 μὴ
961 1360 1186 1444 σκανδαλισθῇς
1205 1359 1253 1422 ἐπὶ
1275 1364 1314 1441 τῇ
1339 1360 1426 1441 σαρκὶ

310 1461 361 1524 καὶ
398 1463 462 1528 τοῖς
493 1460 622 1522 πάθεσιν
658 1458 771 1533 αὐτοῦ,
816 1458 887 1521 ἀλλ’
932 1458 1022 1522 αὐτὸν
1059 1458 1233 1541 ἀσωμάτως
1264 1457 1427 1541 πρυσκύνει

309 1559 361 1620 τδν
397 1556 474 1641 μετὰ
504 1560 558 1618 τοῦ
589 1555 667 1618 ἰδίου
697 1558 840 1639 σώματος
866 1555 1135 1639 προσκυνούμενον
1163 1558 1205 1623 ύις
1228 1555 1282 1618 ἕνα
1301 1556 1352 1618 καὶ
1374 1553 1426 1637 μό-

261 1668 295 1722 10
310 1677 362 1717 νον
392 1656 457 1718 υίδν
485 1658 539 1716 τοῦ
566 1652 642 1715 θεοῦ
672 1653 703 1722 ἐξ
732 1654 845 1722 αἰῶνος
873 1654 925 1716 καὶ
953 1654 996 1722 εἰς
1027 1653 1150 1720 αἰῶνας.
1197 1653 1359 1735 ὁμολογεῖν
1392 1651 1426 1714 δὲ

312 1752 534 1835 μεμαθήκαμεν
555 1751 605 1812 καὶ
621 1751 674 1833 τὴν
696 1749 841 1835 δευτέραν
863 1751 959 1814 αύτοῦ
974 1749 1144 1834 παρουσίαν
1159 1748 1190 1811 ἐν
1205 1753 1271 1833 [τ]η
1285 1750 1425 1812 διδασκα-

311 1850 363 1933 λίηι
384 1856 438 1913 τοῦ
462 1850 549 1931 ἁγίου
573 1849 789 1932 βαπτίσματος.
834 1850 926 1932 ἀμήν.

387 1946 520 2010 Ἰουλίου
544 1943 786 2029 ἀρχιεπισκόπου
801 1942 932 2029 Ῥώμης
953 1944 1121 2027 ἐγκύκλιον.

395 2042 468 2112 Τοῖς
486 2047 645 2126 πανταχοῦ
666 2041 842 2110 ἐπισκόποις
860 2047 914 2124 τῆς
932 2043 1099 2124 καθολικῆς
1120 2041 1291 2123 ἐκκλησίας,
1312 2042 1427 2124 ἀγαπη-

262 2155 294 2208 15
312 2146 375 2210 τοῖς
398 2142 564 2223 ἀδελφοῖς,
584 2139 714 2208 Ἰούλιος
737 2141 768 2202 ἐν
790 2145 907 2226 χριστῷ
928 2141 1029 2224 χάριν.
1074 2137 1247 2220 Πέπεισμαι
1268 2137 1334 2221 μέν,
1355 2140 1426 2220 ἀγα·

310 2239 401 2321 πητοὶ
423 2239 572 2323 ἀδελφοί,
602 2238 656 2320 τὴν
682 2237 779 2298 πίστιν
801 2239 890 2321 ἠμιῖιν
914 2237 967 2320 τὴν
991 2239 1061 2320 περὶ
1084 2239 1135 2300 τδν
1156 2237 1258 2318 κύριον
1279 2237 1330 2298 καὶ
1353 2235 1426 2298 θεὸν

311 2336 362 2398 καὶ
382 2333 511 2419 βασιλέα
535 2334 569 2396 ἐκ
591 2338 644 2415 τῆς
667 2332 919 2416 ἐκκλησιαστικῖγς
941 2335 1074 2418 ἱστορίας
1096 2335 1156 2396 ἀπὸ
1179 2338 1233 2397 τοῦ
1252 2331 1349 2416 Ὠσηὲ
1372 2337 1426 2396 τοῦ

310 2431 471 2514 προφήτου
493 2432 563 2514 περὶ
584 2435 638 2492 τοῦ
664 2429 739 2492 θεοῦ
764 2428 858 2510 λόγου
881 2433 934 2494 καὶ
954 2436 1008 2492 τοῦ
1032 2433 1146 2514 πατρὸς
1169 2433 1212 2498 ύις
1231 2429 1300 2513 περὶ
1320 2430 1426 2512 κυρίου

313 2529 370 2605 ,ού
392 2529 433 2611 μὴ
454 2527 667 2610 ἐγκαταλείποι
687 2531 741 2590 τοῦ
763 2526 986 2611 ἐξαλειφθῆναι
1007 2529 1058 2591 τδν
1078 2527 1201 2613 Ἰακώβ,
1221 2529 1266 2591 ότι
1279 2529 1352 2596 θεὸς
1366 2529 1426 2611 ἐγώ

260 2643 296 2698 w
313 2626 376 2708 εἰμι
401 2626 452 2688 καὶ
484 2625 540 2688 οῦκ
570 2624 735 2709 ἄνθρωπος
763 2623 794 2686 ἐν
820 2626 868 2688 σοὶ
888 2625 973 2708 ἅγιος
995 2627 1045 2689 καὶ
1069 2625 1126 2689 οῦκ
1149 2626 1365 2710 εἰσελεύσομαι
1386 2628 1428 2696 εἰς

310 2721 416 2784 πόλιν·
449 2721 548 2784 ὀπίσω
575 2723 681 2806 κυρίου
703 2720 930 2806 πορεύσομαι“.
971 2727 1066 2787 ταῦτα
1086 2724 1137 2787 καὶ
1160 2724 1210 2786 διά
1229 2722 1344 2786 τούτων
1368 2723 1427 2786 ὅσα

313 2821 329 2884 ό
357 2819 431 2887 θεὸς
457 2818 548 2901 λόγος
571 2820 815 2904 ἐνανθρωπήσας
831 2822 908 2903 πρὸς
928 2820 999 2889 τοδς
1020 2821 1184 2904 ἄνθρωπον
1209 2821 1300 2884 αῦτδν
1323 2820 1429 2890 ἁπλῶς

312 2917 408 2999 ἅγιον,
429 2916 498 2978 ἀλλ’
525 2916 561 2979 οῦ
584 2918 658 2980 θεὸν
681 2916 760 2979 εἶναι
784 2919 1013 3000 ὁμολογοῦντας
1037 2919 1129 2996 ,θεὸς
1153 2918 1214 3000 ἐγώ
1231 2919 1292 3001 εἰμι
1306 2919 1357 2980 καὶ
1371 2918 1428 2982 οῦκ

312 3015 507 3097 ἀνθρωπος“.
548 3014 682 3078 πιστεύω
714 3021 753 3099 τῇ
776 3015 808 3077 ἐν
833 3020 888 3099 μιᾷ
909 3015 1033 3098 θεότητι
1054 3016 1105 3080 καὶ
1127 3015 1217 3098 ούσίιγ
1236 3015 1426 3099 δοξαζομένη

260 3125 295 3180 25
312 3135 345 3174 τε
366 3113 418 3176 καὶ
438 3111 692 3196 προσκυνουμένη
714 3114 824 3196 τριάδι,
846 3112 927 3176 τοῦτ’
953 3113 1015 3176 ἐστὶ
1035 3114 1126 3196 πατρὶ
1145 3113 1196 3175 καὶ
1216 3114 1272 3198 υίιγῦ
1287 3115 1337 3176 καὶ
1351 3113 1428 3197 ἁγίῳ

312 3210 472 3293 πνεύματι,
502 3210 553 3272 καὶ
580 3214 620 3292 τῇ
649 3209 680 3278 ἐξ
711 3210 850 3293 οῦρανῦιν
883 3210 1010 3296 καθόδιμ
1033 3211 1084 3272 καὶ
1107 3209 1138 3280 ἐξ
1166 3210 1252 3292 ἁγίας
1271 3209 1427 3294 παρθένου

312 3305 436 3390 Μαρίας
462 3309 617 3391 σαρκώσει
643 3307 694 3369 καὶ
722 3308 887 3392 ἐπιφανείη
917 3314 971 3373 τοῦ
1003 3307 1078 3372 θεοῦ
1102 3307 1195 3390 λόγου
1218 3308 1268 3370 καλ
1291 3311 1429 3389 σωτῆρος

311 3406 400 3487 ἡμῶν
419 3403 524 3487 Ἰησοῦ
550 3409 676 3489 χριστοῦ
700 3405 803 3467 καὶέν
828 3407 1004 3490 ἀνθρώποις
1027 3407 1201 3490 φανερώσει
1222 3404 1317 3467 αύτοῦ
1343 3402 1430 3472 ὄντος

313 3501 389 3564 θεοῦ
411 3502 461 3564 καὶ
481 3503 661 3585 ἀνθρώπου,
685 3500 742 3564 οῦκ
761 3501 859 3565 ἄλλου
880 3504 935 3586 μὲν
955 3503 1050 3581 θεοῦ,
1074 3501 1170 3564 ἄλλου
1195 3502 1229 3563 δὲ
1250 3501 1428 3584 ἀνθρώπου,

262 3613 299 3668 ³⁰
316 3598 398 3661 ἀλλά
418 3599 488 3681 μίαν
513 3598 677 3661 ὑπόστασιν
701 3599 751 3660 καὶ
773 3598 805 3660 ἓν
826 3599 993 3684 πρόσωπον
1014 3603 1068 3662 τοῦ
1089 3598 1166 3661 θεοῦ
1188 3598 1281 3682 λόγου
1304 3599 1354 3661 καὶ
1376 3602 1430 3681 τῆς

315 3695 350 3758 ἐκ
361 3693 482 3778 Μαρίας
504 3694 626 3780 σαρκός,
652 3693 686 3756 ἐκ
706 3694 782 3759 θεοῦ
806 3698 856 3759 καὶ
875 3697 910 3760 ἐκ
929 3695 1081 3780 γυναικός,
1104 3701 1158 3758 τοῦ
1176 3696 1270 3758 αὐτοῦ
1286 3690 1428 3778 παθητοῦ

314 3794 365 3855 καὶ
387 3792 539 3871 ἀπαθοῦς,
562 3792 651 3875 σαρκὶ
674 3792 728 3875 μὲν
749 3794 922 3878 πάσχοντος
945 3796 996 3859 καὶ
1014 3796 1047 3858 τδ
1068 3794 1217 3878 ἡμέτερον
1237 3792 1338 3861 πάθος
1358 3793 1428 3856 ἀνα·

315 3888 499 3974 δεχομένου,
522 3888 646 3973 θεότητι
667 3890 703 3951 δὲ
724 3890 825 3958 πάθος
848 3890 1049 3959 διαλύσαντος
1068 3893 1119 3955 καὶ
1141 3891 1264 3974 θανάτῳ
1287 3890 1430 3974 σωτηρίῳ

314 3987 365 4050 τδν
388 3985 537 4070 ἡμέτερον
561 3988 693 4052 θάνατον
716 3989 961 4064 καταλύσαντος,
994 3987 1183 4071 φωτίσαντος
1211 3988 1245 4050 δὲ
1273 3988 1289 4059 ζ
1318 3986 1354 4069 ὴν
1378 3986 1429 4049 καὶ

264 4095 299 4149 ³5
316 4082 491 4166 ἀφθαρσίαν
515 4090 632 4154 πιστοῖς
654 4085 871 4171 δωρουμένου,
904 4083 1078 4168 μελλόντων
1105 4086 1231 4166 ἀγαθῶν
1259 4084 1428 4146 ἀπόλαυσιν

314 4180 366 4242 καὶ
389 4181 547 4264 βασιλείας
568 4184 713 4267 οὐρανίου
737 4184 789 4247 καὶ
811 4183 916 4266 θεῖκῆς
941 4181 995 4245 σὺν
1019 4181 1092 4266 δόξγγ
1116 4181 1331 4266 κληρονομίαν.

402 4278 456 4362 [75
466 4278 519 4364 λιι]
544 4277 607 4344 Τοῦ
624 4281 775 4364 μακαρίου
787 4278 918 4344 Ἰουλίου
934 4275 1319 4364 ἀρχιεπισκόπουῬιύμης.
1356 4275 1430 4362 [Ιερὶ

317 4378 371 4458 τῆς
393 4374 424 4438 ἐν
445 4381 561 4462 χριστῷ
584 4375 726 4461 ἑνότητος
745 4383 799 4442 τοῦ
823 4379 966 4461 σώματος
987 4377 1063 4460 πρὸς
1084 4377 1137 4459 τὴν
1159 4368 1302 4458 θεύτητα.

393 4464 501 4554 ’Άγιον
533 4472 564 4543 ἐξ
593 4473 691 4560 ἀρχῆς
719 4474 855 4560 γέννημα
877 4476 981 4542 καλῶς
1006 4475 1200 4556 ὁμολογεῖται
1222 4471 1273 4534 καὶ
1295 4470 1374 4544 κατά
1395 4473 1429 4534 τό
