3517 5434
853 669 893 731 M
1262 683 1429 740 εω-η

315 836 335 918 ἡ
354 835 539 920 παραίτησις
557 833 653 918 αύτῆς
677 831 748 920 (κάν
773 857 817 904 τις
835 835 1014 920 ἀναβεβήκη
1038 836 1115 918 πρὸς
1137 836 1273 921 ἀρετήν),
1303 859 1429 922 πραττο·

316 931 393 1016 μένη
416 930 509 1016 μόνον
532 930 611 994 εἶναι
633 932 729 1008 δοκεῖ,
750 931 823 1016 οόχλ
841 932 877 996 δέ
893 933 943 996 καὶ
962 931 1003 1015 μὴ
1021 931 1213 1017 πραττομένη
1226 935 1430 1017 προϋπάρχοι.

312 1029 352 1102 ΙΙ.
389 1031 472 1094 ούτω
495 1029 550 1112 μὲν
574 1027 613 1111 δὴ
641 1030 692 1092 τδν
720 1028 884 1110 ἀνθρωπον
906 1029 1063 1114 τετίμηκεν
1086 1030 1102 1093 ό
1127 1028 1209 1106 θεός,
1233 1031 1300 1094 κατ’
1325 1029 1430 1095 εἰκόνα

315 1129 429 1192 ἐαυτοῦ
452 1126 681 1212 δημιουργήσας
703 1124 812 1201 αέτόν,
836 1124 872 1187 ἵν’
896 1129 1000 1211 ὥσπερ
1025 1125 1117 1195 αότδς
1139 1126 1354 1212 ἐλεοθερότητι
1377 1127 1430 1212 φύ-

315 1247 396 1294 σεως
417 1221 546 1307 ἀγαθός,
569 1223 652 1286 ούτω
672 1223 711 1306 δὴ
733 1222 785 1284 καὶ
805 1222 822 1286 δ
842 1220 1007 1308 ἀνθρωπος
1021 1222 1236 1308 ἐλευθερότητι
1250 1224 1464 1308 προθέσεωςό
1553 1210 1563 1230 ’

315 1323 456 1406 ζηλωτὴς
484 1322 608 1406 ύπάρχη
628 1320 722 1395 θεοῦ,
747 1319 805 1382 οὐκ
832 1321 988 1404 ἀδυναμίᾳ
1018 1319 1143 1405 φύσεως
1169 1325 1222 1384 τοῦ
1245 1321 1429 1406 ἁμαρτάνειν

314 1419 524 1504 ἀπεχόμενος,
553 1417 781 1504 ἐλευθεριότητι
812 1417 848 1481 δέ
880 1418 935 1501 τἠν
967 1419 1078 1501 ἀρετ-ἠν
1111 1424 1216 1502 τιμῶν.
1270 1423 1365 1482 ταῦτα
1395 1422 1429 1484 δέ

267 1565 271 1574 .
315 1516 459 1601 σημαίνει
491 1518 546 1600 μὲν
570 1516 731 1600 αὐτάρκως
759 1516 809 1578 καί
838 1518 872 1578 τὸ
895 1514 1014 1584 πολλάς
1030 1517 1179 1586 πολλάκις
1202 1516 1233 1579 ἐν
1255 1517 1431 1600 ἀνθρώποις

318 1614 515 1699 εὑρίσκεσθαι
532 1615 609 1697 πρδς
631 1613 742 1697 ἀρετὴν
765 1614 816 1676 καὶ
832 1617 940 1676 κακίαν
956 1613 1139 1700 μεταβολάς,
1150 1613 1195 1682 οίς
1209 1612 1244 1676 ἀν
1260 1612 1428 1698 μηδέτερον

313 1711 429 1774 τούτων
449 1712 567 1794 παγίως
584 1709 741 1796 ἐνυπάρχη
756 1711 870 1795 χρονίῳ
885 1709 1041 1793 συνηθείᾳ.
1084 1710 1142 1772 ὅσα
1167 1711 1289 1795 μὲνγὰρ
1305 1711 1429 1795 φύσεως
1449 1719 1481 1772 10

316 1809 433 1891 ἀνάγκη
456 1809 595 1892 δρῶμεν,
623 1805 739 1870 τούτων
763 1807 937 1893 μεταβολὴν
961 1807 1018 1870 οὐκ
1042 1805 1270 1890 ἐπιδεχόμεθα.
1315 1809 1372 1870 όσα
1395 1811 1429 1872 δέ

314 1904 398 1990 λόγῳ
427 1905 609 1990 προθέσεως
631 1910 798 1988 ποιοῦμεν,
828 1911 924 1968 ταῦτα
951 1903 1062 1968 ἄλλοτε
1082 1903 1185 1972 ἄλλως
1215 1904 1246 1966 ἐν
1270 1906 1342 1988 ήμῖν
1364 1904 1430 1990 ἔχει

313 2005 390 2087 πρδς
414 2004 468 2072 τὰς
498 2001 695 2085 ἐγγινομένας
722 2008 761 2087 πή
784 2002 932 2087 προθέσει
958 2003 1063 2086 ῥοπάς.
1112 2002 1149 2064 οὐ
1180 2002 1278 2064 τοίνυν
1301 2006 1429 2088 φυσικὸν

314 2102 363 2164 καί
392 2103 557 2184 ἀναγκαῖον
587 2099 763 2185 ἀνθρώποις
792 2104 826 2164 τδ
853 2101 1017 2185 ἁμαρτεῖν,
1044 2099 1123 2162 ἀλλὰ
1149 2102 1360 2183 προαιρετικὸν
1395 2103 1428 2164 τὸ

314 2203 530 2284 κακοπραγεῖν.
571 2199 712 2282 σημαίνει
741 2200 776 2262 δέ
799 2202 850 2262 καὶ
875 2195 1007 2264 όπόνος
1028 2201 1082 2279 τῆς
1101 2197 1212 2280 ἀρετής
1232 2197 1266 2259 τό
1287 2221 1428 2283 προαιρε-
1449 2205 1481 2258 ιδ

254 2281 259 2288 ’
313 2298 394 2360 τικδν
416 2300 477 2358 τῶν
495 2296 690 2380 κεκτημένων
714 2296 819 2379 αὐτήν,
848 2295 895 2363 οἶς
917 2292 993 2357 εἴτι
1015 2294 1065 2358 καὶ
1087 2295 1192 2377 μικρὸν
1215 2295 1362 2378 ἀμελείας
1385 2297 1429 2379 ἐγ-

275 2445 278 2450 .
313 2394 436 2476 γίνοιτο,
463 2393 632 2456 κινδυνεύει
658 2396 692 2459 τδ
713 2398 823 2477 κτήμα.
887 2391 932 2466 12.
972 2393 999 2455 εί
1029 2391 1064 2454 δέ
1086 2413 1129 2460 τις
1155 2392 1233 2454 κατὰ
1256 2396 1310 2454 τοῦ
1334 2391 1428 2475 λόγου

313 2493 448 2575 παράγοι
468 2492 520 2554 τόν
546 2489 736 2574 βουλόμενον
756 2491 811 2574 μέν
835 2489 914 2554 ἔστιν
937 2490 988 2554 ότε
1012 2487 1140 2573 φαύλων
1164 2489 1347 2574 ἀπέχεσθαι,
1372 2491 1428 2574 φά-

315 2590 425 2654 σκοντά
444 2611 481 2672 γε
505 2587 564 2670 μὴν
593 2587 751 2656 ἀδυνάτως
773 2585 868 2672 ἔχειν,
892 2586 1073 2672 μανθανέτω
1097 2589 1139 2655 ύνς
1157 2585 1279 2671 χρόνιον
1305 2587 1358 2670 μὲν
1379 2587 1430 2650 καλ

312 2686 389 2750 κατὰ
412 2690 505 2769 σῶμα
525 2683 625 2754 πάθος
647 2684 684 2747 ού
708 2684 822 2768 ῥαδίως
845 2684 1074 2768 μετακινεῖσθαι
1094 2683 1247 2768 πέφυκεν·
1283 2684 1364 2751 οὕτω
1390 2683 1427 2767 δὴ
1446 2688 1481 2746 w

314 2783 438 2864 καὶτῆς
460 2785 562 2866 ψυχῆς
581 2779 640 2849 ἐέις
664 2779 721 2844 ούκ
743 2780 845 2864 ἀγαθὴ
868 2781 972 2867 χρόνῳ
992 2786 1126 2864 παγεῖσα
1147 2780 1203 2846 οὐκ
1219 2780 1347 2844 εύκολον
1364 2779 1431 2866 ἔχει

313 2881 373 2940 τῶν
394 2877 426 2940 ἐν
449 2878 554 2961 πολλή
575 2900 610 2959 γε
629 2875 778 2960 συνηθείᾳ
797 2878 850 2960 τὴν
874 2877 1057 2963 ἀποφυγήν,
1078 2879 1157 2962 πλὴν
1182 2879 1209 2942 εἰ
1228 2879 1268 2961 μή
1284 2901 1312 2940 τι
1326 2881 1429 2961 μεῖζον

313 2975 431 3057 ἀγαθὸν
451 2973 552 3042 πάθος
573 2972 753 3038 ἐπεισελθδν
772 2974 807 3036 τδ
827 2976 985 3060 προλοβδν
1004 2973 1139 3058 ἐκβάλοι.
1168 2974 1276 3038 αὐτίκα
1293 2976 1432 3058 ὁρμήσας

313 3095 357 3141 τις
383 3072 532 3138 πολλάκις
559 3069 700 3155 ἀσχέτως
729 3070 779 3134 ἐπὶ
802 3070 923 3154 φαύλην
948 3069 1014 3134 τινὰ
1041 3071 1166 3154 πρᾶξιν,
1197 3073 1216 3155 ή
1248 3073 1299 3136 τδν
1334 3071 1431 3156 ἀνδρα

317 3169 511 3254 θεασάμενος
527 3172 581 3252 τής
593 3165 745 3251 γυναικός.
769 3172 934 3252 μοιχεύσαι
947 3165 1149 3252 προθέμενος,
1169 3170 1321 3253 ἀνεστάλη
1336 3167 1426 3254 φόβην
1444 3177 1479 3234 θό

315 3273 375 3331 τῶν
398 3265 535 3352 ἐλέγχων
562 3271 616 3349 τῆς
640 3265 803 3350 ἐπιθυμίας
827 3267 846 3349 ᾖ
869 3269 929 3327 τῶν
952 3263 1055 3347 νόμων
1076 3265 1289 3351 ἀναμνησθείς.
1335 3264 1430 3334 ἄλλος

316 3366 482 3448 ληστεδσαι
505 3361 709 3447 προθέμενος.
739 3361 804 3426 δέει
823 3367 878 3445 τής
905 3362 1051 3446 τιμωρίας
1078 3363 1131 3447 τὴν
1159 3364 1322 3448 ἐπιθυμίαν
1364 3361 1428 3426 ἐκό·

311 3461 415 3524 λασεν.
464 3460 546 3524 οότω
566 3459 676 3524 παθῶν
700 3457 776 3545 ἔργα
787 3459 835 3524 ’τά
857 3460 1074 3544 ἁμαρτήματα,
1096 3459 1132 3524 ού
1158 3461 1282 3546 φύσεως
1304 3461 1429 3544 ἐξανθή-

312 3579 405 3640 ματα.
432 3561 567 3640 τιμῶμεν
588 3557 623 3620 δέ
638 3558 749 3626 πάντες
772 3560 824 3622 καλ
845 3560 1013 3642 ἀγαπῶμεν
1035 3557 1096 3637 (οἷς
1114 3557 1277 3628 ἐπιεικείας
1296 3559 1429 3644 μέτεστι)

311 3653 382 3722 τοὺς
393 3654 518 3736 νόμους,
527 3655 714 3725 κολάζοντας
726 3657 943 3740 ἀπαραιτήτως
953 3654 1024 3724 τοὺς
1038 3659 1314 3739 κακοπραγοῦντας.
1348 3657 1429 3720 ούτω
1446 3665 1483 3722 ³⁰

312 3754 401 3832 κοινή
423 3747 497 3833 δόίη
521 3749 572 3813 διά
592 3756 652 3814 τῶν
676 3749 774 3836 ἔργων
795 3752 945 3836 τιθέμεθα
973 3753 1014 3838 μὴ
1039 3752 1242 3838 βιαζομένους
1265 3753 1356 3839 φύσει
1378 3775 1430 3818 κα·

311 3851 489 3931 κοπραγεῖν,
514 3846 719 3930 αἱρουμένους
742 3849 778 3912 δέ
798 3849 948 3932 προθέσει
972 3854 1025 3932 τῆς
1051 3852 1212 3919 κολάσεως
1232 3851 1335 3922 ἀξίους
1355 3853 1430 3916 ἀπο·

315 3944 489 4030 φαίνεσθαι.
554 3941 600 4016 13.
644 3943 712 4009 ἐπεὶ
741 3946 777 4010 δὲ
802 3947 854 4010 καὶ
876 3945 981 4016 ἄλλως
1008 3948 1037 4010 υἱ
1065 3947 1100 4010 ἐκ
1121 3952 1176 4010 τού
1200 3947 1346 4032 μανέντας
1367 3971 1430 4014 πει·

313 4046 425 4125 ρῶνται
446 4042 502 4106 δύο
526 4041 634 4128 φύσεις
653 4042 790 4112 ἐναντίας
808 4044 880 4127 ήμῖν
899 4043 994 4112 οὔσας
1017 4043 1198 4130 ἀπελέγχειν
1217 4041 1263 4130 τηῖ
1282 4047 1358 4108 ποτέ
1374 4047 1429 4129 μέν

312 4140 393 4222 ἡμᾶς
424 4139 627 4225 ἐνθυμεῖσθαι
653 4143 775 4226 φαῦλα,
807 4139 920 4205 ἄλλοτε
943 4142 977 4204 δέ
999 4141 1119 4224 ἀγαθοί,
1141 4141 1363 4226 ἐπισημαντέον
1386 4147 1429 4212 όνς
1445 4155 1480 4212 ³⁶

311 4241 441 4320 φυσικῆς
469 4239 501 4302 ἐν
526 4241 599 4323 ήμῖν
624 4236 719 4322 οὔσης
745 4242 798 4320 τῆς
824 4240 971 4320 γνώσεως
994 4238 1160 4324 ἑκατέρων,
1183 4239 1356 4322 ἀναγκαίως
1380 4240 1430 4304 ἐπὶ

310 4331 363 4416 τὴν
385 4332 552 4419 ἐνθύμησιν
574 4337 618 4399 ὧν
640 4335 831 4419 γινώσκομεν
854 4335 1035 4420 κινούμεθα,
1058 4336 1258 4421 ζημιούμενοι
1282 4338 1336 4420 μὲν
1359 4336 1427 4402 οὐδ’
1472 4413 1477 4420 ἱ

311 4430 431 4508 ότιούν,
460 4431 670 4516 κερδαίνοντες
701 4433 737 4496 δέ
763 4434 798 4496 τδ
820 4437 880 4498 πᾶν
907 4440 946 4518 τῇ
970 4439 1023 4498 τοῦ
1046 4434 1208 4505 καλλίονος
1236 4436 1429 4518 προτιμήσει.

310 4533 376 4599 πῶς
394 4527 452 4614 γάρ
478 4526 516 4592 ἀν
540 4529 561 4612 ή
582 4528 632 4592 ἐπὶ
654 4530 687 4594 τδ
710 4534 845 4615 κρεῖττον
869 4530 1045 4616 ἀνθρώποις
1068 4531 1208 4602 ἑκούσιος
1230 4531 1428 4620 ἐμαρτυρήθη
