3517 5434
353 1173 545 1263 -Praefaiio
571 1173 742 1249 editionis
768 1174 1029 1251 Turnebianae.
1077 1176 1235 1271 Parisiis,
1266 1182 1368 1257 1554.

396 1557 457 1639 Τῷ
480 1550 712 1646 σοφωτάτῳ
731 1557 799 1620 καὶ
821 1551 1060 1639 λογιωτάτῳ
1081 1555 1335 1644 Λαγκιλοίτῳ

335 1661 498 1752 Κύρλῳ,
519 1669 589 1732 καὶ
617 1661 927 1752 αίδεσιμωτοίτῳ
956 1663 1161 1752 ἐπισκόπει
1193 1665 1391 1754 Ῥηγιίων,

488 1771 666 1863 Ἄγγελος
690 1775 708 1842 ὁ
731 1777 955 1866 Βεργίκιος
977 1767 1244 1867 εὖπράττειν.

404 1945 522 2034 Ἑρμῆς
544 1947 563 2013 δ
598 1951 849 2035 Τρισμίγιστος,
877 1945 1114 2031 αίδεσιμοίτατε
1135 1951 1296 2029 δέσποτα,
1324 1954 1389 2019 Αί-

333 2052 468 2141 γύπτιος
488 2061 549 2142 μὲν
570 2047 613 2137 ἦν
635 2047 799 2141 τὸγένος,
820 2051 948 2143 πατρὸς
970 2058 1004 2124 δὲ
1027 2053 1050 2138 ἢ
1070 2045 1203 2145 μητρὸς
1217 2057 1324 2138 οὐδεὶς
1347 2059 1390 2130 δν

333 2169 401 2252 ίχοι
422 2169 469 2250 τῷ
491 2161 562 2233 ὄντι
584 2169 674 2244 τίνος
703 2173 813 2234 είπεῖν.
856 2161 985 2253 ἤκμασε
1008 2169 1043 2235 δὲ
1071 2163 1136 2254 πρὸ
1165 2170 1226 2234 τοῦ
1251 2172 1389 2258 Φαραώ,

332 2275 376 2354 ὡς
407 2279 543 2356 πολλοῖς
576 2279 642 2344 τῶν
677 2272 922 2366 γρονογροίφων
960 2279 1058 2344 δοκεῖ.
1115 2276 1389 2364 ὑπολαμβάνουσι

332 2389 367 2453 δέ
393 2411 479 2466 τινες
511 2383 615 2455 αύτδν
643 2387 728 2454 εἶναι
754 2381 814 2456 τὸν
847 2389 930 2476 παρ’
955 2392 1152 2472 Αλγαπτίοις
1184 2388 1387 2476 καλούμενον

337 2494 430 2577 Θώθ,
453 2497 490 2578 ἐξ
511 2491 557 2565 ὦν
579 2502 637 2565 καὶ
658 2497 677 2564 ὁ
699 2500 850 2586 Κικέρων
878 2493 925 2577 εἷς
947 2494 992 2568 niv
1014 2497 1176 2586 τυγχάνει.
1222 2497 1308 2568 ἀλλὰ
1330 2506 1387 2570 καλ

332 2605 506 2694 λσόχρονον
540 2606 660 2676 τοῦτόν
699 2631 783 2687 τινες
815 2613 1127 2697 σογκαταριθμοῦσι
1164 2616 1210 2695 τῷ
1248 2614 1385 2701 Φαραῷ,

332 2716 446 2805 οἷσπερ
469 2716 531 2804 ίγώ
546 2719 587 2786 ού
600 2722 890 2806 συγκατατίθεμαι
904 2720 948 2786 δι’
968 2722 1080 2788 αἰτίαν
1095 2717 1267 2802 τοιαύτην·
1293 2725 1385 2790 Φασὶ

329 2823 389 2894 τὸν
415 2826 500 2894 Θδθ
527 2833 669 2915 βασιλέα
690 2833 883 2916 Αίγνπτίων
906 2828 1004 2910 εἶναι,
1033 2830 1155 2917 ὁμοίως
1184 2834 1218 2898 δὲ
1247 2829 1385 2900 καὶτὸν

272 2991 274 2996 .
334 2935 476 3026 Φαραώ·
506 2935 588 3005 ὥστε
611 2939 630 3005 δ
657 2935 743 3004 Θωθ
766 2946 794 3003 εί
815 2932 859 3018 ἦν
881 2937 1054 3026 ίσόχρονος
1075 2939 1195 3022 τούτῳ,
1226 2931 1313 3020 ἦσαν
1341 2937 1384 3010 δν

330 3043 389 3114 τὸν
418 3041 522 3139 αύτὸν
546 3044 670 3135 χρόνον
702 3044 934 3134 βασιλεύοντες
962 3050 1153 3134 Αίγνπτίων
1187 3051 1243 3113 καὶ
1271 3044 1382 3140 ὀίμφω.

329 3159 427 3226 τοῦτο
448 3158 480 3224 δ’
500 3157 606 3238 οὐδεὶς
626 3155 708 3245 μήτε
731 3161 796 3226 τῶν
814 3154 1058 3248 χρονογριίφων
1079 3155 1161 3245 μήτε
1182 3162 1248 3224 τῶν
1261 3157 1304 3224 τοί
1319 3165 1384 3227 Αί-

329 3263 493 3353 γνπτιακιί
507 3266 728 3357 ἱστορούντων
742 3267 914 3354 ὁμολογεῖ·
938 3265 1029 3335 ὥσθ’
1040 3275 1152 3336 ἕπεται
1165 3271 1284 3337 τοῦτον
1300 3269 1384 3337 εἶναι

327 3374 426 3467 ἢπρδ
437 3376 570 3462 αὐτοῦῆ
581 3377 773 3468 μετάτίτόν.
795 3380 868 3465 μετ’
880 3374 983 3448 αὐτὸν
997 3381 1032 3446 δὲ
1043 3380 1124 3466 παρ’
1135 3377 1246 3448 οὐδενὶ
1257 3378 1382 3448 τούτων

328 3489 470 3578 είρηται·
491 3496 671 3582 τοιγαροῦν
691 3487 756 3578 πρὸ
771 3489 884 3557 αὐτοῦ.
921 3497 948 3557 ελ
963 3493 997 3558 δὲ
1012 3484 1077 3574 πρὸ
1093 3487 1220 3571 τούτου,
1243 3485 1310 3578 οίρα
1325 3495 1382 3560 καὶ

326 3595 392 3686 πρὸ
409 3604 566 3679 Μωσέως.
604 3605 724 3668 τοῦτον
739 3593 800 3668 οὖν
814 3604 920 3692 φασίν
935 3599 1174 3686 ἀποδημοῦντα
1188 3602 1249 3682 τῆς
1263 3606 1382 3670 ἑαυτοῦ

325 3713 493 3798 πατρίδος,
515 3716 675 3801 περαίνοι
695 3716 811 3779 πᾶσαν
831 3707 893 3792 τὴν
914 3711 974 3804 ὑφ’
993 3710 1097 3794 ἥλιον,
1119 3711 1239 3800 ἀρετῆς
1252 3714 1308 3778 καὶ
1323 3733 1382 3778 σο-

327 3822 409 3912 φίας
437 3818 725 3907 ἀντιποιούμενον·
753 3818 918 3887 παιδεύειν
940 3824 974 3889 δὲ
1001 3826 1189 3912 πειρᾶσθαι
1216 3817 1292 3899 τούς
1321 3819 1380 3890 ἀν-

326 3924 486 4020 θρώπους
508 3936 566 3997 ἕνα
588 3927 675 3998 θεὸν
697 3929 803 4018 μόνον
818 3927 1019 4019 δημιουργὸν
1041 3937 1097 4000 καί
1118 3937 1274 4019 γενέτορα
1295 3929 1380 4000 πάν-

326 4064 392 4108 των
406 4043 571 4128 σέβεσθαι
583 4045 641 4108 καὶ
655 4046 763 4129 τιμᾶν,
785 4037 1046 4127 ἐπιδεικνύμενον
1060 4040 1141 4128 ἅμα,
1163 4033 1254 4128 ᾧτινι
1268 4038 1379 4136 τρόπον

327 4153 377 4217 δεῖ
397 4162 596 4239 προσκυνεῖν
617 4138 736 4222 αὐτόν·
758 4154 878 4238 βιῶναι
892 4153 927 4219 δὲ
940 4153 1018 4237 βίον
1031 4148 1209 4243 πάνσοφον
1223 4155 1280 4218 καί
1293 4155 1381 4218 θεω-

326 4262 423 4343 σεβῆ,
445 4271 519 4339 ταῖς
539 4264 600 4331 τοῦ
620 4268 682 4331 νοῦ
702 4266 862 4352 θεωρίαις
883 4260 1100 4350 σχολάζοντα,
1128 4265 1194 4330 τῶν
1215 4287 1249 4329 τε
1271 4285 1377 4328 κατω-

326 4374 436 4460 φερῶν
457 4375 517 4451 τῆς
536 4368 617 4453 ύλης
639 4373 680 4440 οὐ
700 4375 934 4465 φροντίζοντα·
959 4369 1189 4443 ἐπανελθόντα
1213 4374 1233 4438 δ
1238 4372 1244 4395 ’
1256 4378 1301 4446 είς
1315 4367 1376 4449 τὴν
