3517 5434
374 1680 646 1778 Epraesatione
659 1680 829 1756 editionis
846 1681 1081 1776 Patricianae.
1106 1679 1303 1776 Ferrarioe,
1323 1686 1426 1762 1591.

820 1867 972 1877 ⁴...-.--...-

437 2113 508 2128 ....
556 2063 642 2132 Sane
662 2060 853 2130 universalia
865 2063 1026 2150 principia
1046 2065 1184 2134 Hermes
1199 2069 1423 2137 Termaximns

369 2176 539 2261 descripsit
554 2175 678 2241 duabus
692 2171 888 2238 voluminum
902 2174 1111 2258 myriadibus,
1128 2179 1261 2243 authore
1274 2179 1420 2246 Seleuco.
1516 2181 1522 2192 '
1619 2265 1620 2272 ἵ

368 2287 425 2352 sed
446 2286 549 2351 tribus
571 2283 769 2372 myriadibus
791 2302 912 2366 sexque
934 2283 1125 2352 chiliadibus
1148 2289 1243 2352 simul
1265 2289 1420 2376 quingen-

365 2399 409 2464 tis
431 2407 528 2482 atque
544 2399 682 2482 quinque
696 2391 874 2480 vigintique
888 2393 988 2477 libris,
1010 2395 1108 2460 refert
1122 2397 1308 2482 Manethus,
1329 2399 1419 2466 Mer-

367 2511 488 2575 curium
511 2518 628 2574 cuncta
649 2503 851 2588 complexum
872 2503 915 2568 ad
936 2527 1075 2593 unguem
1098 2509 1284 2576 ostendisse.

431 2621 484 2686 De
505 2629 596 2685 tanto
618 2637 694 2679 vero
716 2634 848 2680 numero
876 2614 936 2680 soli
963 2626 1134 2702 supersunt
1156 2643 1196 2685 ex
1218 2621 1324 2686 Ficini
1346 2645 1417 2688 sen·

363 2734 465 2798 tentia
493 2730 574 2812 duo,
609 2720 810 2790 Poemander
837 2747 953 2813 graece
981 2735 1014 2794 et
1042 2729 1213 2817 Asclepius
1247 2733 1345 2801 latine
1374 2735 1415 2800 ab

364 2843 504 2930 Apuleio
531 2835 651 2904 iamdiu
679 2855 801 2900 versus.
846 2835 933 2920 quod
961 2847 994 2902 et
1022 2838 1193 2928 Verginius
1223 2851 1255 2908 et
1282 2843 1415 2912 Flussas

363 2953 521 3019 Candalla
542 2953 716 3030 senserunt,
739 2948 795 3032 qui
815 2970 967 3036 graecum
988 2951 1077 3018 illum
1097 2953 1412 3040 imprimicurarnnt.

362 3065 419 3131 sed
447 3070 557 3126 nostra
584 3057 742 3124 sententia
762 3060 964 3126 Poemander
985 3061 1038 3128 ille
1060 3085 1080 3128 a
1101 3063 1216 3131 Ficino
1238 3065 1272 3129 in
1296 3068 1338 3134 14
1361 3089 1413 3132 ca-

360 3177 431 3264 pita
451 3173 607 3236 dissectus
629 3191 693 3234 non
715 3193 797 3237 unus
818 3173 900 3238 liber
922 3183 982 3256 est,
1004 3173 1063 3239 sed
1084 3174 1219 3240 totidem
1241 3175 1341 3242 libelli
1354 3200 1413 3263 per

360 3311 405 3368 se,
429 3280 664 3349 aPoemandro
687 3285 837 3368 separati,
861 3283 913 3348 oni
935 3285 1027 3350 solus
1043 3285 1164 3369 primus
1180 3285 1323 3350 debetur.
1361 3309 1411 3352 re·

359 3395 437 3479 liqui
466 3414 539 3456 cum
561 3393 680 3458 nullam
702 3393 896 3459 Poemandri
923 3395 1117 3458 mentionem
1144 3395 1265 3458 faciant
1286 3417 1346 3460 nec
1369 3397 1410 3462 ab

358 3529 396 3572 eo
417 3502 579 3590 pendeant
600 3513 657 3569 aut
684 3505 796 3570 ordine
825 3503 1014 3589 dogmatum
1037 3512 1093 3567 aut
1116 3505 1313 3571 connexione
1333 3507 1408 3591 ulla,

357 3596 550 3682 Poemandn'
571 3625 680 3707 partes
703 3616 767 3682 dici
788 3637 853 3680 non
880 3620 1024 3699 possunt.
1070 3635 1139 3680 esse
1160 3603 1268 3681 autem
1290 3639 1344 3683 eos
1367 3619 1408 3684 ab

356 3728 411 3792 illo
438 3724 597 3810 diversos,
628 3737 661 3793 et
683 3748 765 3811 quae
792 3722 889 3789 modo
918 3723 1056 3790 diximus
1079 3733 1112 3789 et
1132 3749 1287 3813 personae
1316 3729 1407 3812 aliae,

354 3838 458 3902 Tatus
480 3846 513 3902 et
534 3839 716 3924 Asclepius,
740 3844 772 3902 et
793 3836 880 3901 tituli
902 3835 943 3901 ab
964 3835 1030 3918 illo,
1053 3835 1107 3901 alii
1129 3819 1239 3904 Clanis
1262 3836 1406 3904 Crateris

355 3957 388 4013 et
409 3949 523 4033 reliqui
544 3949 634 4016 libris
657 3947 782 4030 addito,
811 3948 889 4013 satis
919 3947 1038 4014 clarum
1060 3948 1191 4013 faciunt.
1237 3948 1296 4014 sed
1317 3956 1407 4012 extat

354 4068 387 4124 et
409 4061 490 4125 alius
512 4061 607 4126 titulo
631 4061 714 4126 sacri
734 4059 827 4142 libri,
856 4081 952 4144 quem
975 4081 1032 4126 nos
1054 4059 1087 4124 in
1106 4057 1217 4146 Cypro
1239 4059 1273 4121 in
1295 4081 1405 4125 mona·

352 4172 450 4237 sterio
473 4173 524 4237 cui
546 4193 662 4238 nomen
676 4171 839 4236 Enclistra
860 4171 954 4236 simul
977 4193 1049 4239 cum
1063 4169 1194 4254 reliquis
1215 4169 1403 4254 invenimus,

351 4292 385 4348 et
401 4307 495 4369 quem
510 4283 600 4350 Ioan.
614 4283 772 4352 Stobaeus
786 4281 918 4371 Eulogis
934 4284 999 4349 suis
1013 4279 1157 4368 physicis
1171 4279 1314 4364 inseruit,
1330 4303 1403 4347 cum

349 4395 537 4486 fragmentis
560 4397 630 4464 aliis
653 4404 686 4462 et
707 4394 821 4460 libellis
844 4394 941 4460 etiam
963 4413 1028 4460 non
1049 4391 1177 4480 pauciS,
1206 4393 1324 4478 partim
1347 4415 1402 4458 ex.
1496 4401 1499 4407 ’
1619 4383 1620 4390 ’
