3517 5434
420 718 437 767 2
861 713 1040 787 Ποιμάνδρης.
1385 739 1438 787 cap.
1462 719 1483 770 l.

375 874 473 947 2καί
494 872 632 955 γνῶναι,
661 872 753 953 Φημὶ
778 868 849 954 ἐγώ,
873 867 933 935 Σὺ
955 867 1019 957 γαρ
1044 871 1092 946 τίς
1116 868 1161 952 εἷς
1183 867 1265 955 Ἐγώ
1281 877 1350 955 μέν,
1373 875 1484 960 φησίν,

421 985 485 1067 εἰμί
514 980 533 1046 ὁ
562 976 799 1067 Ποιμάνδρης,
830 979 848 1044 ό
877 983 936 1060 τῆς
966 979 1150 1058 αὐθεντίας
1180 984 1271 1062 νοῦς,
1301 981 1376 1048 οἶδα
1407 983 1440 1050 δὲ
1464 982 1483 1050 ὃ

374 1091 394 1157 3
418 1089 532 1175 βούλει
553 1094 608 1156 καί
638 1086 768 1176 σόνειμί
797 1112 851 1158 σοι
880 1093 1063 1176 πανταχοῦ.
1114 1094 1208 1176 Φημὶ
1231 1090 1309 1178 ἐγώ,
1340 1097 1513 1161 Massava

421 1205 511 1268 θέλω
535 1199 576 1268 τὰ
600 1196 691 1280 όντα,
713 1204 769 1266 καὶ
790 1203 915 1281 νοῆσαι
930 1197 990 1282 τὴν
1012 1199 1138 1268 τούτων
1157 1200 1266 1293 φύσιν,
1289 1208 1344 1270 καί
1359 1210 1482 1290 γνῶναι

420 1310 597 1381 τὸνθεόν.
629 1311 731 1391 τοῦτ’,
764 1314 862 1399 έφην,
893 1310 1235 1398 ἀκοῦσαιβούλομαι.
1270 1317 1378 1396 Φησὶν
1408 1321 1480 1400 ἐμοὶ

418 1422 527 1502 πόλιν,
546 1420 618 1509 Ἔχε
641 1422 687 1505 νῷ
710 1422 759 1505 σῷ
780 1415 846 1486 ὅσα
872 1423 982 1499 θέλεις
1003 1426 1140 1507 μαθεῖν,
1163 1420 1254 1510 κάγώ
1276 1449 1311 1492 σε
1328 1423 1457 1507 διδάξω.
1498 1438 1512 1486 6

370 1535 393 1600 ti
480 1538 586 1600 Τοῦτο
602 1528 701 1599 εἰποίν
712 1529 840 1617 ηλλόγη
853 1535 892 1622 τῇ
904 1533 985 1618 ἰδέρι,
995 1537 1052 1600 καὶ
1063 1533 1189 1612 εὐθέως
1201 1533 1310 1601 πάντα
1322 1562 1380 1621 μοι
1393 1533 1478 1617 ἤνοι-

417 1670 475 1710 κτο
493 1647 579 1732 ῥοπῇ
590 1649 646 1711 καὶ
658 1643 725 1733 ὁρῶ
736 1647 824 1708 θέαν
834 1639 1000 1728 ἀόριστον,
1025 1649 1095 1734 φῶς
1108 1647 1142 1710 δὲ
1154 1643 1265 1710 πάντα
1280 1653 1477 1732 γεγενημένα

418 1753 513 1836 ἥδιόν
527 1779 562 1820 τε
583 1759 639 1821 καὶ
660 1752 792 1841 ἱλαρόν·
815 1757 872 1820 καὶ
894 1752 1055 1842 ἠράσθην
1079 1753 1173 1823 ἰδών·
1195 1761 1250 1822 καί
1273 1757 1336 1842 μετ’
1364 1757 1477 1843 ὀλίγον
1496 1770 1511 1819 9

420 1865 536 1944 σκότος
551 1869 737 1957 κατωφερὲς
751 1857 793 1946 ἦν
815 1871 851 1930 έν
872 1870 963 1954 μέρει
978 1871 1195 1952 γεγενημένον
1211 1865 1358 1956 φοβερόν
1373 1893 1406 1934 τε
1422 1871 1478 1935 καὶ

416 1975 565 2062 στυγνόν,
582 1972 724 2054 Ισκολιῶς
738 1982 1001 2062 πεπερασμένον·
1026 1975 1069 2054 ὡς
1087 1973 1215 2044 εἰκάσαι
1230 2003 1271 2062 με
1291 1977 1405 2046 ἰδόντα
1420 2005 1476 2065 με-

417 2085 668 2176 ταβαλλόμενον
682 2082 721 2152 τό
738 2085 857 2166 σκότος
873 2094 917 2163 εἰς
933 2083 1039 2173 ὑγρόν
1053 2113 1128 2154 τινα
1145 2085 1246 2177 φύσιν
1269 2087 1406 2181 οἰφότως
1429 2118 1475 2158 τε-
1496 2107 1528 2158 12

417 2204 636 2288 ταραγμένην,
658 2185 714 2262 καί
736 2195 864 2265 καπνόν
888 2195 1116 2264 ἀποδιδοῦσαν
1132 2197 1175 2274 ὡς
1197 2195 1264 2264 ἀπὸ
1287 2199 1397 2286 πυρός,
1419 2207 1476 2266 καί

418 2299 492 2376 τινα
515 2301 598 2395 ἦχον
621 2307 849 2376 ἀποτελοῦσαν
872 2305 1096 2388 ἀνεκλόλητον
1118 2305 1237 2392 γοόδη.
1261 2303 1330 2373 εἶτα
1352 2305 1418 2393 βοὴ
1441 2309 1475 2388 ἐξ

485 2582 542 2632 add.
562 2600 590 2632 τε
609 2583 663 2632 καί.
781 2580 804 2630 l.
832 2577 911 2651 φημὶ]
930 2583 976 2632 καί
993 2600 1060 2649 φημι
1072 2577 1102 2628 Β.
1135 2574 1147 2646 ll
1203 2579 1255 2650 γὰρ
1276 2598 1372 2629 erasum
1394 2578 1419 2628 in
1442 2579 1474 2631 Β.

486 2667 512 2718 2.
535 2668 562 2717 δὲ
582 2686 633 2718 om.
651 2668 674 2718 Α
693 2667 750 2720 edd.
786 2665 811 2716 ⁵.
829 2660 918 2730 τοῦτ’]
938 2665 992 2722 πῶς
1015 2661 1062 2714 ΑΒ
1085 2663 1155 2728 Ρειν,
1174 2658 1186 2731 ll
1224 2662 1298 2732 ἰφην]
1319 2669 1389 2718 ἔστιν
1406 2666 1436 2718 Β.
1457 2662 1471 2734 {l

485 2752 575 2822 φησὶν]
597 2754 643 2806 καί
667 2772 745 2822 φησιν
763 2751 793 2802 Β.
819 2745 834 2817 Η
874 2747 944 2820 εμοί]
968 2753 1010 2816 ἰμὲ
1034 2748 1055 2798 Β
1075 2747 1141 2801 Patr.
1214 2750 1238 2802 7.
1261 2749 1354 2816 τοῦτο]
1373 2753 1407 2804 sic
1426 2753 1471 2802 AB

485 2839 565 2902 Patr„
583 2829 662 2897 οὗτος
680 2839 703 2888 Τ
705 2857 760 2888 urn.
779 2837 801 2886 F
802 2837 862 2886 lusa.
974 2833 1000 2886 8.
1019 2829 1157 2905 ἀόριστον]
1176 2835 1321 2908 γράφεται·
1343 2833 1471 2907 ἆορίστηι

484 2945 561 2990 marg.
580 2925 611 2976 B.
720 2922 744 2974 t.
762 2916 889 2990 ἠγάσθην
908 2918 1046 2972 Velscnins.
1151 2921 1191 2976 ll.
1210 2922 1417 2995 πεπερασμένον]
1435 2924 1470 2975 sic

483 3011 578 3076 Vergic.
597 3011 681 3064 Fluss.
699 3009 779 3071 Pam,
791 3007 1077 3078 πεπειραμένονεοδδ.
1102 3011 1287 3080 ἰσπειραμένον
1306 3009 1412 3062 Casaub.
1430 3031 1469 3060 er-

482 3118 529 3150 ere.
548 3098 575 3148 in
593 3096 687 3148 Boron.
706 3093 790 3164 p‚79.
809 3089 822 3161 ΙΙ
861 3092 963 3156 ἰδόντα]
983 3091 1186 3146 εἰδόταΑεδδ.
1264 3095 1305 3150 ll.
1326 3095 1366 3148 12.
1385 3117 1468 3163 μετα-

482 3181 654 3251 βαλλόμενον]
678 3180 823 3252 γράφεται·
846 3181 1006 3249 μεταβαλεῖν
1021 3199 1098 3244 marg.
1118 3179 1147 3232 Β.
1230 3181 1270 3234 ld.
1294 3177 1468 3249 ἅνεκλόλητον

481 3289 531 3320 om.
552 3271 583 3319 Α.
604 3261 618 3333 ll
654 3266 705 3334 βοὴ
715 3296 745 3306 -
757 3287 781 3333 p.
795 3265 821 3328 3,
842 3265 866 3317 l.
886 3265 972 3335 φωτός
991 3265 1061 3318 uncis
1078 3265 1136 3317 inel.
1150 3266 1216 3318 Patr.

410 3506 471 3543 ecre
490 3495 517 3541 et
535 3484 715 3560 cognoscere?
743 3472 866 3558 aioegoi
891 3485 934 3542 Tu
952 3507 1017 3544 vero
1040 3487 1101 3562 quis
1122 3485 1169 3540 cs?
1191 3483 1249 3560 Ego
1269 3485 1404 3562 equidem,
1427 3491 1465 3543 in·

359 3566 365 3579 ’
410 3576 481 3651 quit,
500 3593 559 3629 sum
578 3571 757 3639 Poemauder,
775 3591 851 3626 mens
870 3575 928 3626 eius
948 3575 995 3648 qui
1014 3571 1137 3628 dominus
1157 3582 1212 3639 est,
1230 3573 1294 3628 novi
1313 3573 1377 3650 quid
1395 3573 1464 3630 velis

410 3672 437 3716 et
455 3671 544 3716 tecum
562 3680 621 3714 sum
640 3659 749 3734 ubique.
774 3656 835 3712 dico
858 3675 921 3733 ego:
945 3659 1059 3713 Discere
1084 3655 1148 3712 volo
1172 3659 1242 3712 cutia
1266 3669 1293 3714 et
1315 3658 1464 3736 intelligere

410 3765 502 3800 eorum
524 3755 645 3799 naturam
664 3754 691 3799 et
709 3763 872 3818 cognoscere
894 3743 979 3799 deum.
998 3743 1064 3808 lroc,
1083 3742 1154 3810 dixi,
1178 3744 1269 3800 audire
1287 3744 1357 3800 volo.
1376 3747 1464 3821 inquit

409 3830 475 3886 mihi
493 3850 597 3903 rursus:
618 3829 692 3884 Habe
705 3839 794 3884 mente
804 3839 850 3885 tua
864 3847 1039 3904 quaecunque
1052 3831 1093 3884 ris
1103 3829 1218 3895 discere,
1238 3851 1286 3906 ego
1307 3841 1331 3886 te
1350 3831 1463 3887 docebo.

462 3915 531 3972 Cum
549 3915 602 3970 hoc
621 3914 736 3970 dixisset
753 3925 870 3972 mutatus
889 3924 931 3970 est
943 3913 1036 3982 forma,
1056 3924 1083 3969 et
1100 3913 1173 3970 illico
1187 3927 1281 3972 cuncta
1294 3917 1359 3972 milri
1372 3927 1463 3991 aperta

408 4011 472 4056 sunt
489 4011 633 4068 momento,
652 4010 679 4056 et
697 4022 777 4058 cerno
796 3998 979 4078 spectaculum
998 4000 1172 4068 indefinitum,
1193 4004 1280 4058 omnia
1293 4000 1420 4056 videlicet
1437 4004 1463 4058 in

407 4087 495 4144 lucem
513 4105 641 4142 conversa
661 4091 811 4146 suaviorem
830 4098 857 4143 et
874 4084 1000 4152 hilarem,
1020 4085 1129 4144 ethaeo
1147 4089 1242 4144 videns
1262 4088 1375 4144 laetatus
1394 4109 1460 4158 sum,

407 4182 435 4228 et
452 4170 533 4250 paulo
550 4183 616 4246 post
634 4174 759 4229 tenebrae
777 4172 902 4228 deorsum
922 4171 989 4228 latae
1008 4174 1035 4228 in
1057 4183 1134 4250 parte
1156 4173 1240 4230 laetae
1262 4185 1326 4230 suut
1349 4175 1461 4232 horribi-

405 4259 446 4316 les
465 4267 493 4313 et
509 4258 617 4326 tristes,
641 4257 751 4333 obliquo
769 4258 937 4324 terminatae3
956 4267 986 4314 ut
1004 4260 1160 4334 imaginarer
1178 4281 1219 4316 rue
1237 4261 1346 4318 vidente
1364 4265 1461 4318 mutari

406 4345 531 4402 tenebras
550 4346 578 4400 in
595 4342 730 4400 humidam
748 4342 878 4418 quandam
891 4353 1011 4402 naturam
1023 4345 1197 4403 ineffabiliter
1216 4349 1356 4417 turbatam,
1376 4359 1403 4404 et
1421 4348 1459 4404 lu·

404 4453 474 4490 mum
498 4431 653 4491 reddentem
671 4439 804 4506 tamquam
822 4430 948 4506 sbigne,
973 4442 1000 4488 et
1017 4452 1113 4490 sonum
1138 4434 1268 4508 quendam
1283 4444 1458 4492 resonantem
