3517 5434
831 625 896 724 ἰο
1254 672 1293 728 ,ο
1313 670 1438 734 ιι-ιι.
1552 735 1555 739 ,

321 827 366 896 τίς
383 825 519 892 τούπίσω
540 825 774 912 ἀνακλωμένην,
794 828 928 911 καίτοιγε
950 825 1007 890 ούκ
1021 827 1222 910 ἀδαμάντινον
1237 831 1340 913 τεῖχος
1356 827 1437 914 αύτγῖ

322 923 435 1008 βοηθεῖ
457 925 534 1009 πρδς
559 925 594 986 τδ
624 923 665 1007 μὴ
694 923 802 1008 ῥεῦσαι
830 924 909 988 κατὰ
940 929 993 1008 τῆς
1014 928 1069 1008 γῆς
1090 925 1140 987 καὶ
1162 925 1330 1009 ἀπειθῆσαι
1353 926 1438 1012 αύτῷ

320 1026 364 1106 τιγῦ
391 1021 567 1104 ποιήσαντι,
596 1020 663 1084 ἀλλ’
695 1022 786 1106 ἀρκεῖ
804 1022 969 1107 περίβολον
991 1021 1071 1086 εἶναι
1091 1027 1131 1106 τή
1152 1027 1194 1106 γή
1214 1023 1291 1106 πρὸς
1310 1023 1364 1106 τήν
1384 1023 1438 1086 θά-

321 1121 432 1183 λατταν
458 1115 588 1201 ύλόγος
609 1123 663 1182 τοῦ
682 1121 880 1204 ποιήσαντος,
903 1121 954 1182 καὶ
969 1121 1095 1206 ψάμμος
1108 1119 1243 1204 κατέχει,
1266 1121 1382 1202 μᾶλλον
1405 1120 1440 1184 δὲ

319 1213 414 1298 νόμος
436 1213 544 1299 ἐπέχει
562 1217 614 1280 καὶ
634 1215 701 1301 βίαν
721 1223 781 1282 τῶν
803 1216 919 1287 ἔξωθεν
939 1217 1120 1300 πνευμάτων
1142 1219 1192 1280 καὶ
1207 1217 1289 1302 βόσιν
1305 1217 1436 1296 ὑδάτων,
1452 1229 1471 1290 ,5

322 1313 401 1376 ίοστε
429 1313 480 1374 καὶ
507 1314 603 1397 μηδὲν
636 1319 689 1397 τῆς
720 1320 777 1400 γῆς
797 1313 1046 1396 κατακλυσθῆναι
1066 1315 1117 1378 καὶ
1141 1314 1217 1399 φιλα
1240 1337 1275 1397 γε
1298 1315 1376 1378 εἶναι
1397 1318 1439 1383 ab<

322 1410 469 1492 ἀλλήλοις
486 1410 609 1496 ἀδελφὰ
624 1412 689 1493 [τὰ]
706 1413 973 1498 δημιουργήματα,
995 1411 1050 1474 ἕνα
1065 1413 1141 1495 πρὸς
1155 1412 1304 1496 ἀλήθειαν
1320 1414 1370 1477 τὸν
1387 1413 1438 1495 δη·

322 1507 466 1591 μιουργδν
489 1505 730 1593 ἐπιγραφόμενα.
794 1508 847 1582 Μ,
878 1510 922 1578 τίς
944 1508 1001 1594 γὰρ
1026 1507 1167 1592 ἱστόρησε
1190 1510 1316 1572 πώποτε
1341 1514 1384 1580 ὡς
1406 1509 1437 1573 ἐν

322 1604 446 1689 ούρανιγῦ
474 1606 528 1687 μὲν
556 1604 652 1691 ἀστήρ
679 1606 784 1691 ἀστέρι
813 1605 982 1691 ἐπανέστη,
1017 1607 1066 1670 ἐπὶ
1093 1610 1149 1689 γῆς
1181 1607 1215 1670 δὲ
1247 1609 1313 1692 (qh
1342 1607 1438 1692 ἑτέρῳ

319 1700 400 1784 γένει
411 1700 628 1786 διεμαχέσατο,
642 1707 685 1773 ὡς
698 1705 858 1790 ἐξαλεῖψαι
872 1711 962 1769 τοῦτο
974 1705 993 1788 ή
1009 1702 1183 1766 τούναντίον
1200 1702 1437 1789 ἐίαλειφθήναιγ
1456 1715 1489 1768 ίυ

320 1789 474 1862 ἀλλὰκαὶ
496 1798 555 1862 όσα
571 1798 648 1864 ἄλλο
669 1802 756 1887 ἄλλῳ
769 1800 879 1878 ἔπεισι,
898 1802 950 1864 καὶ
963 1805 1058 1863 ταῦτα
1075 1800 1168 1884 σοφία
1180 1803 1234 1862 τοῦ
1249 1801 1437 1886 δημιουργοῦ

321 1896 560 1981 νενομοθέτηται
587 1899 621 1962 τό
644 1901 815 1971 πλεονάζον
846 1898 946 1962 αὐτῶν
973 1897 1228 1982 παραναλίσκειν,
1260 1899 1301 1960 ὧν
1330 1900 1436 1963 καὶτὸ

321 1993 399 2058 εἶναι
418 1997 470 2059 καὶ
489 1997 524 2058 τό
546 1997 743 2078 δαπανᾶσθαι
763 1998 839 2083 ὑπὲρ
856 1997 1029 2082 ἀνθρώπων
1046 1994 1187 2077 ἑκάτερα.
1230 1992 1279 2066 65,
1307 1997 1335 2058 εἰ
1348 1995 1383 2058 δέ
1395 2017 1439 2064 τις

322 2090 410 2156 ἔλθοι
436 2098 481 2179 τῷ
508 2091 592 2180 λόγῳ
618 2096 670 2158 καὶ
697 2097 774 2180 πρὸς
802 2095 897 2164 αύτάς
923 2099 983 2157 τῶν
1008 2092 1159 2176 σωμάτων
1183 2091 1236 2160 τὰς
1257 2092 1365 2176 ἀρχάς,
1387 2093 1438 2156 καὶ

319 2188 448 2274 τέτταρα
469 2191 523 2276 μὲν
547 2197 685 2277 στοιχεῖα
704 2194 833 2271 κατίδοι,
855 2198 896 2278 πή
913 2189 940 2255 δ’
960 2189 1145 2273 ἐναντιότητι
1161 2191 1237 2273 πρὸς
1256 2191 1435 2275 συμφωνίαν
1456 2201 1487 2256 ίύ

320 2288 546 2374 κεραννύμενα,
573 2289 667 2353 πλέον
697 2287 732 2352 ἀν
761 2289 928 2374 ἐκπλαγείη
960 2291 1019 2351 τῶν
1050 2287 1145 2352 όντων
1174 2287 1226 2370 τήν
1257 2288 1436 2373 συμφωνίαν

321 2387 364 2452 ὥς
392 2386 448 2471 ἀφ’
480 2387 549 2457 ἑνός
574 2411 609 2471 γε
637 2386 772 2474 ἐχόντων
800 2390 852 2452 καὶ
879 2386 975 2472 μόνου
1002 2388 1036 2450 τό
1060 2386 1147 2450 εἶναι.
1195 2384 1313 2454 τούτοις
1336 2383 1393 2469 γὰρ
1416 2387 1435 2468 ή

321 2481 494 2568 ἐναντιότης
517 2488 620 2572 φιλίας
641 2486 769 2571 ἀφορμὴ
791 2486 843 2549 καί
863 2485 898 2549 τδ
917 2483 1094 2570 μαχόμενον
1116 2488 1169 2566 τῆς
1189 2483 1313 2567 φύσεως
1334 2484 1438 2554 αὐτοῖς

321 2580 444 2665 εἰρήνης
465 2588 518 2667 τῆς
538 2585 685 2648 ἀνωτάτω
706 2583 880 2668 παραίτιον·
906 2582 977 2666 ἃδὴ
990 2581 1125 2666 τέσσαρσι
1140 2581 1194 2664 μὲν
1210 2581 1288 2645 ἐστὶν
1304 2583 1437 2667 ἀριθμῷ,

321 2677 353 2740 δν
379 2679 415 2742 δὲ
437 2679 679 2765 συνερχόμενον,
711 2683 827 2763 μᾶλλον
851 2680 886 2742 δὲ
911 2679 962 2741 καὶ
986 2678 1130 2762 ἀλλήλοιν
1154 2678 1339 2767 ἐπιδεόμενα
1360 2680 1437 2764 πρὸς
1452 2691 1487 2746 w

314 2774 355 2836 ,τδ
379 2773 466 2852 εἶναι,
489 2779 541 2840 καὶ
561 2777 641 2862 αύτή
659 2800 694 2860 γε
712 2784 752 2863 πή
771 2775 956 2859 ἐναντιότητι
978 2776 1124 2859 ἀλλήλοις
1145 2775 1366 2860 ἐπικουροῦντα
1385 2778 1436 2841 καὶ

322 2871 353 2934 ἐν’
381 2873 530 2957 ἀλλήλοις
551 2873 747 2960 κρυπτόμενα
773 2877 826 2939 καὶ
853 2874 892 2936 δι’
924 2873 1068 2957 ἀλλήλων
1100 2871 1283 2958 φαινόμενα.
1330 2875 1434 2958 μικρὸν

322 2970 377 3053 μἐν
406 2968 461 3033 οὑν
484 2972 579 3037 εἰπεῖν
602 2975 645 3041 ὡς
665 2971 722 3035 ούκ
746 2971 844 3058 ἐψύγη
866 2971 900 3034 τὸ
921 2970 1036 3055 θερμὸν
1060 2970 1118 3034 ὑπὸ
1142 2974 1195 3032 τοῦ
1219 2975 1339 3055 ψυχροῦ
1361 2971 1435 3035 οὐδὲ

322 3067 455 3154 ἐσβέσθη
478 3069 537 3132 ὑπδ
557 3075 612 3133 τοῦ
634 3070 727 3154 ὑγροῦ
750 3069 825 3133 οὐδὲ
844 3068 1044 3154 κατεφλέχθη
1068 3069 1121 3152 μὲν
1144 3071 1178 3133 τδ
1201 3068 1291 3151 ξηρὸν
1309 3069 1367 3133 ὑπὸ
1381 3072 1434 3131 τοῦ

319 3165 433 3251 πυρός,
466 3167 621 3252 κατελύθη
652 3168 688 3230 δὲ
716 3168 774 3232 ὑπὸ
802 3173 856 3232 τοῦ
884 3167 987 3251 ὑγροῦ.
1042 3165 1183 3233 σύστασις
1204 3164 1261 3248 γὰρ
1289 3165 1432 3249 ἀλλήλων
1451 3176 1485 3232 2⁵

321 3269 416 3327 ταῦτα
438 3265 658 3349 καὶάλλήλοις
680 3265 863 3351 θαυμασίως
886 3265 1097 3328 ἐνδιαιτοῦται.
1137 3265 1188 3328 καὶ
1211 3261 1298 3333 δόξαι
1318 3262 1353 3327 ἀν
1375 3268 1434 3348 πῦρ

322 3362 415 3444 μόνον
439 3360 553 3440 όν,-ού
578 3363 680 3448 μέντοι
704 3365 775 3451 δίχα
800 3365 893 3450 ὑγροῦ
917 3365 968 3428 καὶ
991 3362 1096 3446 ξηροῦ,
1123 3360 1168 3429 οἷς
1190 3383 1224 3444 γε
1246 3361 1434 3448 τρεφόμενον

321 3459 505 3543 διαλάμπει,
538 3462 642 3548 ὥσπερ
673 3465 726 3527 καὶ
759 3463 796 3527 τὰ
827 3461 908 3527 ἄλλα
927 3463 1075 3546 ἀλλήλοις
1097 3460 1221 3537 ἔνεστιν,
1251 3459 1319 3545 ἁφή
1333 3461 1435 3545 ,μόνον

322 3556 510 3642 ἐμφαίνοντα
539 3559 592 3642 τὴν
615 3560 825 3646 ἐναντιότητα,
858 3561 941 3624 οὑτω
963 3559 1065 3646 μέντοι
1085 3559 1265 3646 φιλάλληλα
1287 3562 1330 3627 ὡς
1350 3560 1435 3624 υύδε-

320 3653 390 3735 μίαν
420 3655 591 3739 διαφωνίαν
621 3655 703 3742 ἔχειν
734 3660 846 3722 δοκεῖν.
891 3664 986 3724 ταῦτα
1017 3659 1051 3722 δὲ
1082 3657 1135 3740 τὴν
1166 3655 1296 3740 άρρητον
1322 3659 1432 3743 σοφίαν
1451 3665 1486 3724 30

321 3751 459 3836 κηρύττει
481 3753 533 3815 καὶ
552 3758 717 3818 σιωπῶντα
737 3761 792 3820 τοῦ
814 3758 883 3826 ἐνὸς
904 3757 1065 3840 ἀγενήτου,
1088 3755 1140 3840 ὑφ’
1165 3753 1201 3818 οὑ
1225 3755 1262 3838 δή
1282 3756 1332 3818 καὶ
1352 3755 1435 3840 γενύ·

322 3872 399 3933 μενα
422 3849 604 3934 συνεκράθη.
648 3852 685 3915 ού
707 3853 764 3937 γὰρ
786 3855 823 3938 δή
841 3853 937 3939 ’σῶμα
954 3852 1066 3936 γένοιτ’
1092 3850 1127 3916 ἀν
1150 3851 1180 3922 ἐξ
1202 3849 1269 3920 ἑνός
1287 3874 1366 3920 τινος
1385 3853 1436 3916 καί

321 3948 421 4012 ἁπλοῦ
445 3948 611 4034 στοιχείου.
645 3951 753 4034 κράσει
773 3952 831 4037 γὰρ
853 3951 978 4035 συσταίη
1002 3949 1037 4014 ἀν
1061 3954 1167 4034 σῶμα·
1190 3949 1265 4014 ποία
1284 3950 1318 4013 δὲ
1333 3954 1437 4034 κρᾶσις

321 4046 414 4130 ξηροῦ
437 4047 489 4110 καὶ
512 4045 625 4130 μόνους
651 4048 726 4112 ποία
746 4049 851 4135 ὑγροῦ,
874 4049 903 4113 εἰ
922 4047 994 4113 καθ’
1021 4049 1113 4112 ἑαυτδ
1137 4050 1293 4135 τυγχάνεις
1324 4048 1435 4112 ούκοῦν

322 4145 472 4227 ἀναγκαία
499 4145 519 4227 ή
545 4147 681 4211 ποικιλία
708 4148 785 4230 πρὸς
804 4149 857 4231 τήν
878 4148 947 4216 ἐνὸς
968 4148 1110 4230 σώματος
1128 4151 1250 4232 κρᾶσιν,
1283 4145 1433 4228 ἀναγκαία
1452 4153 1486 4216 35

322 4239 357 4304 δὲ
385 4241 405 4322 ἡ
435 4243 552 4307 τούτων
582 4243 756 4330 ἐναντιότης
783 4244 965 4330 ἐπειγομένη
994 4247 1071 4330 πρδς
1099 4243 1226 4329 ἑνότητα
1256 4244 1300 4312 είς
1328 4244 1436 4327 θαῦμα

321 4342 375 4402 τοῦ
395 4339 690 4425 δημιουργήσαντος·
715 4343 802 4406 ἅτινα
823 4343 859 4407 ού
879 4347 1000 4428 πρῶτον
1022 4342 1092 4407 καθ’
1117 4341 1220 4404 ἑαυτὰ·
1236 4339 1364 4423 συνέστη
1385 4339 1436 4403 καὶ

322 4436 422 4504 οὑτως
449 4438 619 4520 συνήλθεν,
651 4439 732 4503 ἀλλὰ
761 4441 814 4522 τήν
842 4439 959 4523 γένεσιν
986 4439 1039 4502 σῦν
1062 4438 1209 4522 ἀλλήλοις
1230 4435 1364 4523 λαβόντα
1385 4437 1436 4499 καλ

322 4531 387 4618 ἅμα
405 4532 557 4617 γενόμενα
575 4539 641 4603 ταῖς
657 4536 819 4620 αἰσθήσεσι
838 4537 986 4622 διεκρίθη.
1018 4538 1161 4620 σώματος
1177 4535 1234 4620 γὰρ
1251 4534 1438 4620 ὑποστάντος
