3517 5434
343 693 368 744 B
387 691 510 748 ⁸14⁸.
663 733 666 738 .
880 684 922 744 58

343 844 378 908 τό
404 867 437 909 τε
462 845 520 930 γὰρ
549 844 639 931 ξηρόν
667 845 706 910 δι’
735 845 810 910 όλου
834 847 924 932 ξηρόν
947 848 997 910 καὶ
1019 845 1224 932 αῦτοξηρότης
1247 846 1329 930 ἀπλή
1352 847 1464 910 τεκαὶ

231 1004 233 1007 .
346 944 522 1027 μονοειδής·
548 945 599 1006 καὶ
620 944 653 1006 τδ
678 943 807 1029 ψυχρόν,
830 944 905 1008 οῦδὲ
927 947 970 1012 εἰς
992 944 1126 1008 ἐπίνοιαν
1151 943 1332 1028 διαιρέσεως
1356 945 1462 1008 ἐλθεῖν

345 1041 525 1123 δυνάμενον,
546 1041 578 1104 ἕν
600 1063 633 1104 τε
655 1042 706 1105 καλ
727 1043 844 1105 ἁπλοῦν
869 1043 908 1105 δι’
935 1043 1009 1106 όλυυ
1035 1046 1194 1129 τυγχάνον.
1241 1043 1323 1106 οὕτω
1347 1043 1385 1126 δὴ
1407 1041 1463 1105 καὶ

342 1138 377 1200 τό
398 1137 488 1220 ῦγρδν
511 1140 562 1202 καὶ
583 1140 617 1201 τό
640 1138 766 1223 θερμόν.
799 1139 829 1200 τί
843 1140 943 1202 τοίνυν
964 1144 1018 1202 τοῦ
1035 1141 1131 1224 πυρός
1152 1137 1237 1202 ἔσται
1251 1144 1306 1204 τοῦ
1323 1139 1442 1221 ἀγαθοῦ
1450 1161 1462 1214 3
1516 1151 1517 1155 ’

309 1235 396 1298 όκαὶ
423 1234 454 1296 τί
476 1235 650 1299 τούναντίον
676 1241 730 1300 τοῦ
757 1241 870 1312 κακοῦ;
904 1236 996 1300 όπότε
1020 1238 1165 1321 διαίρεσιν
1191 1236 1248 1300 οὐκ
1273 1236 1461 1321 ἐπιδέχεται,

345 1333 451 1416 ἐπειδή
478 1356 513 1416 γε
542 1334 617 1398 οὐδὲ
643 1338 748 1418 κρᾶσιν
771 1333 949 1412 ἐπεδέξατο,
974 1334 1104 1419 ἀκρατον
1127 1333 1170 1398 όν.
1211 1337 1245 1398 τδ
1269 1333 1402 1418 μὲνγὰρ
1424 1332 1460 1396 ἓν

344 1436 435 1512 σῶμα
457 1432 508 1494 καλ
530 1433 690 1516 διαιρεῖται
710 1436 750 1515 πή
770 1436 844 1513 γοῦν
869 1432 1005 1516 ἐπινοίᾳ,
1035 1433 1068 1496 τδ
1093 1433 1128 1496 δὲ
1151 1431 1281 1516 ἄκρατον
1306 1433 1458 1516 στοιχεῖον

343 1532 410 1596 πῶς
433 1527 464 1597 ἐξ
490 1529 633 1592 ἐναντίων
666 1529 843 1611 συγκεῖσθαι
863 1528 979 1599 δόξειεν
1002 1529 1054 1605 ἀνς
1086 1529 1175 1592 ποίαν
1199 1531 1234 1594 δὲ
1256 1531 1307 1593 καὶ
1328 1527 1458 1592 ἐναιτιό·

343 1648 418 1707 τητα
447 1626 605 1709 λογίσηται
632 1624 668 1689 ἀν
692 1648 735 1693 τις
759 1625 789 1688 ἐν
812 1627 935 1711 ἀκράτῳ
954 1627 1041 1712 πυρίι
1074 1628 1101 1691 εί
1122 1626 1220 1690 τοίνυν
1244 1627 1372 1690 ἕκαστον
1395 1623 1457 1686 ἐπι-

294 1728 327 1781 10
345 1722 463 1806 σιραλὲς
485 1722 524 1785 δι’
549 1723 624 1786 όλου
644 1723 713 1790 καθ’
740 1723 849 1801 ἑαυτό,
875 1723 966 1788 οῦδὲν
990 1724 1089 1788 αὐτῶν
1111 1724 1189 1788 κατὰ
1207 1725 1258 1786 τδν
1278 1726 1332 1786 τοῦ
1352 1721 1456 1804 μανέν-

342 1842 394 1888 τος
416 1819 507 1904 λόγον
531 1819 661 1905 ἁρμόσει
682 1829 726 1909 τῷ
748 1822 874 1907 ἀγαθῷ,
905 1821 985 1884 ἀλλά
1006 1823 1104 1886 πάντα
1125 1822 1179 1904 μὲν
1201 1820 1394 1884 ἀνακείσεται
1413 1824 1459 1904 τηῖ

342 1923 446 2002 κακῷ,
472 1918 529 1982 οῦκ
558 1905 644 1982 ἔσται
671 1922 706 1985 δὲ
732 1919 769 1982 τὰ
793 1921 924 2003 σώματα
946 1919 978 1988 ἐξ
1002 1917 1109 2003 ἑτέρου
1132 1918 1332 2000 συγκείμενα,
1367 1917 1456 1980 ἀλλο·

342 2015 432 2098 τρίως
453 2022 493 2100 τῇ
511 2022 566 2081 τοῦ
589 2018 735 2102 μανέντας
757 2017 913 2080 ὑποθέσει.
963 2011 1013 2088 52,
1046 2022 1113 2085 πῶς
1134 2017 1167 2080 δὲ
1191 2013 1276 2099 αὐτῷ
1296 2017 1330 2078 τδ
1354 2016 1407 2098 μὲν
1429 2014 1456 2076 τὶ

341 2117 397 2175 τοῦ
427 2115 523 2199 πυρδς
554 2114 636 2185 δόξει
664 2115 881 2200 θεραπευτικόν
915 2115 1002 2196 (όσον
1034 2120 1087 2178 τοῦ
1119 2113 1271 2197 ἀγαθοῦ),
1296 2114 1336 2176 ’τὸ
1368 2113 1402 2176 δὲ
1429 2112 1456 2174 τὶ

292 2215 325 2270 16
343 2209 484 2294 ὀλέθριον
508 2215 559 2276 καὶ
579 2213 739 2277 καυστικόν
761 2213 850 2294 (όσυν
871 2218 925 2276 τοῦ
946 2218 1069 2295 κακοῦ),
1092 2213 1119 2275 εἰ
1140 2212 1180 2295 μὴ
1202 2212 1253 2274 καὶ
1270 2215 1333 2273 τῶν
1354 2210 1455 2292 σωμά-

341 2331 401 2371 των
431 2314 535 2394 κρᾶσιν
564 2312 685 2393 ἀγαθοῦ
710 2334 743 2374 τε
772 2312 824 2374 καὶ
849 2315 947 2373 κακοῦ
978 2315 1112 2394 μανικῶς
1143 2310 1346 2394 ἐφαντάζετυς
1381 2307 1455 2391 όπερ

342 2405 484 2488 οἰόμενος
514 2408 782 2492 ἀναγκασθήσεται
811 2408 977 2490 ἀπονεῖμαι
1005 2413 1049 2493 τῷ
1075 2407 1185 2491 ἀγαθηῦ
1213 2411 1273 2470 τῶν
1300 2407 1455 2489 τεσσάρων

342 2505 502 2587 στοιχείων
531 2506 609 2589 ἅπερ
641 2502 677 2567 ἀν
709 2504 798 2566 θέλοι
828 2503 985 2588 όλόκληρά
1013 2527 1046 2567 τε
1073 2507 1124 2568 καὶ
1153 2505 1327 2588 ἀδιαίρετα,
1360 2503 1457 2570 οὕτως

341 2597 453 2684 ἔχοντα
482 2599 590 2685 φύσει,
623 2603 674 2665 καὶ
702 2603 874 2686 όφθήσεται
904 2603 1065 2685 ὁμολογῶν
1097 2602 1227 2687 ὑπάρξαι
1248 2603 1299 2664 καὶ
1323 2601 1358 2664 ἐκ
1380 2601 1455 2664 θεοῦ

232 2768 234 2773 Ι
290 2703 325 2756 w
344 2696 476 2780 ἄκρατόν
502 2721 535 2761 τε
564 2700 615 2762 καὶ
641 2699 712 2764 καθ’
743 2697 834 2763 ἑαυτό
865 2699 1039 2786 βλοπτικόν.
1085 2701 1198 2784 διαιρεῖ
1222 2699 1257 2762 δὲ
1287 2701 1303 2764 ό
1328 2697 1458 2780 ἀνόητος

341 2799 395 2857 τοῦ
414 2797 512 2880 πυρδς
532 2799 585 2881 τὴν
610 2798 783 2881 ἀδιαίρετον
806 2797 911 2882 φῦσιν,
939 2799 972 2861 τδ
997 2797 1216 2880 θεραπευτικόν
1237 2795 1340 2880 ἕτερον
1361 2795 1454 2858 αὐτοῦ

342 2891 439 2975 λέγων
459 2893 538 2959 εἶναι
557 2898 607 2960 καὶ
628 2899 662 2960 τδ
684 2897 845 2960 καυστικδν
869 2897 984 2980 ἕτερον,
1009 2896 1049 2979 μὴ
1072 2894 1182 2962 συνιεὶς
1201 2894 1217 2956 ό
1240 2895 1395 2979 βάρβαρος
1415 2895 1456 2958 ὡς

341 2990 374 3053 ἐν
397 2996 436 3074 πή
458 2994 568 3076 χρήσει
590 2997 609 3077 ή
634 2995 797 3072 διαίρεσις,
829 2992 899 3056 ἀλλ’
931 2993 987 3056 οὐκ
1015 2991 1046 3054 ἐν
1076 2994 1115 3072 τῇ
1145 2989 1236 3074 φύσει
1265 2995 1319 3054 τοῦ
1349 2987 1453 3072 πυρός.

340 3087 451 3155 τούτου
472 3091 530 3174 γάρ
550 3093 569 3173 ἡ
593 3092 647 3174 μὲν
671 3090 803 3174 ἄμετρος
825 3089 951 3174 ἐγγότης
973 3089 1141 3174 ἐπιβουλή,
1163 3087 1182 3169 ἡ
1206 3086 1242 3148 δὲ
1266 3087 1374 3170 μετρία
1393 3085 1453 3148 διά-

287 3197 323 3251 ῦό
342 3209 445 3255 στασις
466 3189 592 3273 ἀσφαλῆ
614 3211 649 3271 γε
673 3189 762 3273 φέρει
783 3189 835 3271 τὴν
859 3187 1040 3270 μετουσίαν,
1072 3183 1175 3251 ἄλλως
1203 3206 1235 3246 τε
1263 3183 1339 3246 αῦτδ
1363 3183 1400 3264 δὴ
1420 3183 1453 3245 τδ

339 3288 500 3348 καυστικδν
525 3291 579 3349 τοῦ
602 3287 773 3370 πυρόςκαὶ
796 3283 889 3369 μόνον
913 3285 1096 3364 ἀναγκαῖον,
1129 3281 1204 3365 ὅπερ
1231 3283 1282 3344 κοιλ
1307 3286 1367 3366 πῦρ
1391 3302 1453 3361 τυγ·

339 3381 438 3465 χάνει.
481 3387 571 3445 τοῦτο
599 3383 656 3465 γάρ
684 3383 736 3445 καὶ
764 3383 910 3465 μαλάττει
935 3381 987 3443 καὶ
1012 3379 1096 3461 τήκει
1116 3377 1154 3440 τὰ
1174 3379 1251 3461 πρὸς
1271 3379 1327 3461 τὴν
1348 3378 1453 3463 χρείαν

339 3477 514 3559 ἀναγκαίως
535 3477 793 3562 προσφερόμενα,
827 3481 869 3544 ὥς
891 3478 986 3560 μηδὲν
1011 3476 1114 3559 ἕτερον
1137 3472 1271 3538 εἶναιτὸ
1295 3481 1357 3560 πῦρ
1379 3476 1398 3559 ἢ
1421 3477 1453 3539 τδ

339 3576 500 3638 καυστικδν
524 3573 638 3652 αὐτοῦ,
668 3574 764 3657 μηδὲν
786 3575 822 3636 δὲ
844 3573 948 3656 ἕτερον
973 3571 1104 3636 εἶναιτὸ
1129 3572 1295 3654 ἀναγκαῖον
1314 3575 1334 3656 ή
1355 3577 1454 3637 τοῦτο.

287 3672 358 3742 τοῦ
380 3671 415 3734 δὲ
438 3673 534 3754 μάτην
556 3672 590 3734 τδ
610 3677 671 3756 πῦρ
693 3672 855 3757 ἐνυβρίζει,
877 3670 944 3732 λίαν
967 3670 1132 3754 ἀχάριστος
1152 3669 1194 3732 ὢν
1214 3669 1291 3752 πρδς
1304 3669 1359 3738 τὰς
1373 3667 1456 3752 παρὰ

338 3772 393 3829 τοῦ
418 3768 607 3852 δημιουργοῦ
631 3773 691 3832 τῶν
716 3770 797 3833 όλων
823 3767 1007 3851 εὐεργεσίας.
1063 3764 1112 3839 δῦ,
1148 3765 1176 3828 εἰ
1200 3764 1235 3828 δέ
1260 3787 1304 3834 τις
1327 3766 1396 3850 θείη
1420 3764 1457 3828 τὰ

339 3861 474 3945 τέσσαρα
493 3871 632 3948 στοιχεῖα
651 3872 691 3950 τῇ
706 3868 798 3951 κακία
814 3864 879 3930 κατ’
903 3865 1018 3928 ἐκεῖνον
1034 3864 1211 3950 προσήκειν,
1230 3865 1298 3929 πῶς
1311 3861 1347 3926 ἀν
1361 3868 1456 3926 ταῦτα

341 3963 410 4041 μιάς
438 3960 577 4044 φύσεως,
606 3963 726 4028 ἐναντία
751 3987 786 4048 γε
814 3965 904 4042 ὄντα,
937 3963 1082 4048 ὑπάρχειν
1113 3958 1218 4041 δοκοίη
1226 3982 1235 4034 3
1272 3959 1300 4020 εί
1322 3959 1381 4045 γὰρ
1405 3958 1455 4022 αῦ-

338 4055 429 4120 τόθεν
449 4059 483 4120 τδ
506 4058 640 4144 θερμόν,
672 4063 706 4125 τό
727 4063 846 4147 ψυχρόν
865 4059 1035 4142 ἑτέρωθεν,
1063 4058 1083 4140 ἢ
1103 4056 1270 4131 ἀνάπαλιν,
1292 4056 1345 4118 καὶ
1359 4057 1457 4124 οῦτως

286 4172 322 4226 ³5
340 4151 430 4223 αὖθις
458 4157 507 4219 ἐπὶ
534 4162 587 4241 τῆς
608 4157 704 4242 ἀλλης
727 4159 880 4240 συζυγίας,
904 4159 983 4218 ὥστε
1006 4153 1175 4219 ἀσόστατυε
1196 4152 1246 4214 καὶ
1268 4153 1287 4233 ή
1313 4149 1373 4214 τῶν
1398 4177 1456 4216 σιο-

340 4255 445 4335 μάτων
473 4259 579 4340 κρᾶσις
607 4257 685 4320 κατὰ
709 4258 762 4340 τήν
787 4254 931 4337 τοιαότην
959 4251 1115 4316 ὑπόθεσιν.
1158 4248 1185 4310 εί
1206 4247 1241 4310 δὲ
1263 4248 1383 4332 ἐπινοίη
1405 4254 1458 4332 τῆς

339 4353 448 4421 κακίας
469 4354 598 4438 ἀναθείη
618 4360 679 4418 τῶν
700 4356 857 4438 τεσσάρων
880 4351 933 4434 τὴν
958 4349 1001 4416 εἰς
1021 4345 1211 4427 κατασκευὴν
1235 4343 1374 4426 εὕρεσιν,
1408 4367 1457 4408 σο-

342 4452 468 4535 φωτάτη
491 4474 527 4533 γε
546 4452 614 4514 λίαν
635 4451 868 4537 ἀναφανήσεται
891 4447 910 4528 ἡ
930 4450 1040 4528 γνῶσιν
1067 4441 1119 4504 καὶ
1142 4438 1261 4502 σύνεσιν
1287 4441 1328 4523 μὴ
1353 4464 1457 4525 κεκτη-

341 4544 416 4630 μένη
441 4549 550 4627 κακία,
581 4552 635 4618 ὡς
649 4549 700 4612 καὶ
727 4552 782 4612 τοῦ
807 4544 996 4628 δημιουργοῦ
1021 4539 1055 4600 τδ
1078 4534 1217 4621 μέγιστον
1240 4537 1459 4622 ἀποφέρεσθαι
