3517 5434
718 710 840 763 Ρτεεῖεείο
857 709 972 777 Ve'rgicii.
1341 723 1376 764 xl

322 870 377 932 καὶ
404 863 514 932 πάντα
542 864 599 931 ὑπ’
623 860 725 931 αὐτόν
754 868 812 930 καὶ
840 871 875 931 ἐν
898 863 987 948 αὐτῷ
1009 866 1112 930 ἐστίν·
1143 860 1248 952 ὁγάρ
1278 863 1376 950 λόγος

324 977 426 1043 αάτοῦ
446 979 635 1052 παντίίειος
658 970 702 1041 ἀν
724 978 780 1041 καὶ
801 972 939 1060 γόνιμος
960 978 1016 1041 καὶ
1039 971 1244 1060 δημιουργός,
1267 981 1302 1043 ὲν
1323 1002 1377 1061 γο-

324 1092 407 1173 νίμῳ
436 1085 533 1176 φύσει
555 1095 633 1162 παῖς
656 1080 715 1164 ἀν,
744 1089 800 1152 καὶ
828 1089 953 1170 γονίμῳ
974 1081 1070 1152 ῦδατι
1098 1087 1213 1170 ἔγκυον
1234 1079 1295 1152 τόν
1317 1084 1376 1152 ἀν-

324 1202 465 1286 θρωπον
488 1202 629 1278 ἐποίησε.
674 1199 730 1262 καὶ
751 1196 847 1262 ταῦτ’
866 1191 999 1282 εῖρηκώς
1021 1190 1143 1277 ηῦξατο
1167 1198 1283 1279 λέγων·
1307 1194 1378 1284 ,ὁρ-

323 1311 398 1390 κίζω
422 1333 457 1376 σε
480 1307 599 1397 οῦρανὲ
620 1310 707 1373 θεοῦ
733 1303 878 1392 μεγάλου
908 1309 1019 1396 σοφόν
1052 1309 1164 1394 ἔργον·
1196 1305 1312 1394 ὁρκίζω
1341 1330 1377 1374 σε

306 1416 443 1510 ’φωνὴν
464 1414 590 1503 πατρὸς
613 1413 869 1508 ἀνεφθέγξατο
892 1416 1039 1502 πρώτην,
1066 1415 1165 1498 ἡνίκα
1188 1412 1246 1482 τόν
1267 1414 1378 1484 πάντα

325 1528 452 1616 κόσμον
475 1528 685 1628 ὲστηρίξατο·
709 1527 825 1614 ὁρκίζω
848 1549 885 1594 σε
908 1522 969 1607 τὴν
991 1530 1051 1594 τοῦ
1065 1531 1265 1612 μονογενοῦς
1279 1525 1380 1615 λόγον

324 1645 380 1707 καί
395 1637 595 1727 τοῦπατρὸς
609 1643 669 1706 τοῦ
684 1644 890 1726 περιέχοντος
910 1636 1034 1705 πάντα·
1059 1641 1159 1718 ῖλεως,
1181 1643 1274 1717 ἵλεως
1295 1643 1379 1708 ῖσο.“

325 1749 398 1818 ῖδοῦ
420 1748 600 1840 διαρρήδην
622 1753 798 1835 θεολογεῖν
821 1744 882 1830 τὴν
903 1747 1093 1817 πάνσεπτον
1109 1747 1227 1837 τριάδα
1241 1753 1381 1836 θαυμα-

325 1866 403 1937 σίως
424 1865 481 1926 καὶ
502 1859 713 1944 εὐαγγελικῶς
735 1858 824 1944 ἡμᾶς
846 1859 1079 1938 ἐξεπαίδενσεν.
1124 1859 1199 1924 ἀλλ’
1219 1867 1245 1924 εί
1267 1863 1323 1926 καὶ
1344 1867 1380 1928 ἐν

324 1976 371 2056 τῷ
392 1967 534 2057 παρόντι
557 1967 616 2034 οῦκ
638 1971 726 2034 ἔστιν
747 1967 867 2033 οὑτωσὶ
897 1963 982 2034 κατά
1003 1966 1090 2047 λέξιν
1113 1967 1229 2055 εὑρεῖν,
1258 1966 1315 2036 άτε
1338 1966 1379 2052 δὴ

324 2084 372 2168 τῷ
392 2083 528 2164 Σουίδα
550 2078 689 2166 εῖρηται,
719 2075 813 2143 οὐδὲν
835 2073 1049 2162 θαυμαστόν.
1094 2081 1171 2158 ἐνῆν
1198 2075 1263 2168 γάρ
1291 2079 1381 2166 αὐτῷ

324 2216 390 2258 που
404 2186 592 2276 τετογηκότι
607 2190 741 2272 βιβλίου
762 2184 853 2264 τινός
874 2189 1004 2272 μᾶλλον
1025 2190 1091 2256 τῶν
1110 2188 1275 2277 ἡμετέρων
1290 2194 1380 2279 διορ-

324 2305 495 2388 θοῦμένον
522 2299 628 2366 ταῦθ’
653 2297 758 2387 εὑρεῖν
785 2299 868 2384 παρ’
887 2297 985 2383 αὐτοῦ.
1031 2298 1129 2366 ε’ίωθε
1150 2296 1215 2390 γάρ
1243 2299 1380 2388 πάσχειν

326 2407 525 2503 διαφθοράν
540 2406 583 2476 τά
597 2412 714 2494 βιβλία
737 2407 850 2497 σνγνά,
872 2405 970 2490 ἢτοῦ
991 2412 1121 2498 μακροῦ
1140 2409 1264 2498 χρόνον
1279 2420 1380 2494 ἕνεκα,

326 2519 349 2604 ἢ
369 2525 436 2589 τῦν
456 2519 656 2613 γραφόντων
678 2519 887 2607 ἀπαιδευσία,
909 2515 933 2600 ἢ
955 2516 996 2602 δὴ
1012 2523 1068 2586 καὶ
1083 2519 1282 2610 ἀπροσεξίαν,
1294 2528 1380 2610 μάλ-

326 2637 386 2699 λον
408 2633 439 2698 δ’
458 2632 609 2717 ἀγνωσία
630 2634 696 2698 τῶν
717 2636 920 2718 κεκτημένων
949 2627 1035 2714 αῦτά
1062 2635 1169 2710 κακῶς
1191 2638 1381 2722 ἐπιμελομέ-

326 2767 401 2810 νων.
445 2746 502 2809 καὶ
523 2738 587 2830 γάρ
611 2739 748 2829 εῦρομεν
768 2746 825 2810 καὶ
846 2737 939 2828 παρά
962 2745 1008 2826 τῷ
1030 2743 1194 2828 Στοβαίῳ
1216 2733 1325 2812 ποῖλά
1346 2772 1381 2814 τε

327 2851 415 2919 ἀλλα
444 2856 501 2918 καὶ
530 2849 716 2938 θαυμαστά
744 2855 804 2918 τοῦ
828 2850 959 2939 Ἑρμοῦ,
988 2845 1034 2920 ὧν
1055 2860 1090 2920 ἐν
1117 2863 1186 2931 τοῖς
1213 2853 1382 2944 ἡμετέροις

327 2966 392 3031 τῦν
414 2959 629 3052 ἀντιγράφων
651 2960 747 3026 οὐδέν
769 2968 846 3026 ἐστι.
892 2959 1010 3028 τοῦτον
1038 2958 1079 3042 δὴ
1109 2970 1202 3028 ἕνεκα
1223 2964 1305 3049 μήτε
1335 2970 1382 3052 τῷ

327 3074 464 3156 Σονίδρι
485 3096 535 3147 τις
557 3070 748 3149 ἀπιστείτω,
775 3067 857 3155 μήτε
878 3065 946 3154 μὴν
967 3067 1006 3136 τό
1030 3073 1163 3158 βιβλίον
1185 3072 1381 3159 ἀπαξιοῦτω,

327 3192 355 3250 εί
376 3183 416 3250 οῦ
436 3180 594 3271 πάρεστιν
617 3188 652 3249 ὲν
674 3179 778 3264 αὐτοῦ
806 3179 883 3247 ἀλλ’
901 3179 1123 3268 ἀρκεσιόμεθα
1144 3192 1214 3262 τοῖς
1236 3184 1382 3273 εὑρισκο-

326 3301 453 3380 μένοις,
486 3298 556 3359 ἐπεί
576 3317 613 3377 γε
634 3287 673 3357 τό
696 3294 779 3376 ἔχειν
800 3287 936 3378 ἀμεινον
957 3289 1089 3371 πάντως
1110 3299 1170 3362 τοῦ
1191 3299 1383 3385 προσδοκᾷν

328 3412 460 3496 πέφυκε.
505 3398 549 3470 τά
571 3403 603 3470 δ’
621 3398 708 3469 ἀλλα
730 3397 868 3488 εῦχομαί
890 3425 926 3470 σε
1122 3409 1125 3420 “

479 3509 589 3599 Δηρδν
610 3509 737 3592 ὲωζιίειν
758 3515 816 3579 καὶ
838 3511 924 3601 όρᾷν
946 3511 1034 3606 φάος
1055 3513 1187 3598 ἠελίοιο,

479 3624 610 3709 Ὄλβιον
631 3629 667 3689 ἐν
689 3626 783 3699 λαοῖς
803 3626 860 3690 καὶ
881 3621 1006 3714 γήραος
1029 3622 1128 3695 οὐδόν
1150 3630 1293 3707 ἱκέσθαι,

331 3729 419 3801 κατά
439 3732 501 3800 τόν
522 3731 671 3814 ποιητήν.
717 3736 850 3820 ἔρρωσο.

754 4057 953 4067 ——wm—
