3517 5434
868 657 909 718 ⁵0
1044 683 1046 688 ·
1280 667 1307 720 B
1322 664 1446 722 n-u.

330 826 449 909 θαῦμα,
472 823 536 907 εἴγε
557 824 678 888 συνεῖδε
699 823 765 888 τίνα
777 821 813 886 ἀν
828 821 941 908 τρόπον
956 822 1173 906 ὑποστήσηται.
1214 819 1265 894 Μ,
1288 819 1448 901 ἐπειδὴδὲ

330 924 419 1007 ῆλιον
442 922 583 1005 σεμνύνει
605 923 656 984 καλ
677 922 769 1005 ἀμιγῆ
794 920 872 989 εἶναι
894 923 953 1002 (ιὺς
973 920 1139 1002 ὑπειληφε)
1160 923 1214 983 τοῦ
1237 923 1334 984 κακοῦ
1357 916 1448 1000 διορί-

333 1025 434 1096 ζεται,
465 1018 542 1104 φέρε
566 1020 617 1082 καὶ
639 1020 709 1102 περὶ
730 1020 820 1102 ίηλίου
844 1018 1028 1103 φιλαλήθως
1049 1017 1231 1100 κατίδωμεν.
1276 1015 1449 1101 ὀφθήσεται

331 1118 388 1202 γὰρ
408 1119 477 1186 ἑνὸς
492 1121 553 1180 τῶν
570 1117 727 1198 τεσσάρων
748 1117 908 1201 στοιχείων
930 1116 1088 1200 ὑπάρχων,
1108 1113 1189 1196 λέγω
1209 1115 1246 1199 δὴ
1264 1119 1318 1198 τῆς
1333 1113 1449 1196 θερμῆς

332 1215 447 1283 ούσίοις.
482 1214 519 1278 ού
544 1214 671 1299 βλάπτει
692 1213 746 1295 μὲν
768 1213 825 1296 γὰρ
845 1212 882 1276 τὰ
903 1213 1096 1296 ὑποκείμενα,
1119 1211 1211 1295 μόνον
1233 1215 1267 1277 δὲ
1289 1211 1482 1296 θερμαίνειη

333 1315 385 1376 καὶ
412 1313 533 1396 ὠφελεῖ
559 1309 610 1374 διά
636 1311 671 1373 τῦ
696 1312 838 1372 πλεῖστον
863 1310 1048 1392 ἀφεστάναι·
1082 1309 1128 1378 οἷς
1149 1309 1183 1372 δὲ
1204 1309 1298 1373 πλέον
1322 1329 1449 1394 προσεγ-

332 1410 426 1492 γίζει,
456 1409 538 1472 καίει
562 1408 668 1470 τεκαὶ
691 1405 801 1488 ἄγονον
827 1407 879 1490 τὴν
902 1407 1043 1491 τοιαύτην
1066 1411 1125 1490 γῆν
1146 1407 1365 1492 ἀπεργάζεται·
1398 1404 1449 1469 αῦ-

333 1507 401 1570 τίκα
422 1507 472 1570 καὶ
490 1506 604 1590 θέρους
617 1506 684 1587 ὥρη
698 1503 830 1587 ἀκρατος
847 1506 1033 1590 προσβαλὼν
1054 1510 1093 1588 τῆ
1111 1509 1152 1588 γῆ
1167 1505 1243 1568 κατὰ
1260 1503 1450 1590 μεσημβρίαν

335 1604 433 1672 οὑτως
462 1602 623 1687 θερμαίνει
651 1601 780 1684 ταύτην,
815 1603 895 1664 ὥστε
922 1606 1073 1687 καυτῆρος
1101 1603 1186 1687 δίκην
1218 1601 1451 1689 ύποβεβλῆσθαι

261 1777 270 1794 ·
335 1704 436 1766 δοκεῖν
463 1700 621 1785 τούδαφος
647 1703 710 1767 τοῖς
736 1698 927 1783 ἐπιβαίνουσι
948 1705 1073 1784 γυμνοῖς
1095 1707 1158 1772 τοῖς
1178 1702 1260 1765 ποσί.
1303 1701 1451 1767 πολλάκις
1469 1719 1501 1771 1⁰

335 1801 371 1864 δὲ
396 1801 447 1863 καὶ
475 1805 514 1882 τῆ
539 1797 631 1882 φλογὶ
655 1802 694 1880 τῆ
721 1797 836 1880 ῆλιακγῆ
855 1796 1086 1881 παραπεσόντες
1105 1797 1265 1884 ἄνθρωποι
1286 1799 1395 1880 πολληῖ
1416 1819 1451 1879 γε

334 1904 379 1984 τῷ
404 1897 537 1980 καύματι
566 1894 797 1979 διεφθάρησαν,
827 1894 861 1956 τό
886 1895 1165 1978 παραμυθούμενον
1190 1893 1315 1977 ἐγγύθεν
1339 1895 1379 1978 μῆ
1405 1894 1451 1956 εὑ-

337 1995 450 2080 ρόντες.
498 1993 635 2077 μελαίνει
654 1992 690 2055 δὲ
708 1991 746 2054 τά
766 1993 897 2074 σιύματα
918 1993 969 2055 καὶ
992 1993 1139 2069 διακαίει,
1156 1996 1274 2076 ’σαφῶς
1298 1991 1335 2055 τό
1356 1991 1453 2074 πυρός
1479 2023 1482 2031 ·

337 2094 481 2177 ἐνεργῶν.
514 2093 630 2175 μᾶλλον
650 2090 686 2152 δὲ
704 2091 801 2173 πυρός
822 2089 915 2158 αὑτὸς
932 2089 1056 2175 γόνιμός
1079 2089 1169 2167 ἐστιν,
1189 2089 1221 2154 εἴ
1235 2115 1278 2160 τις
1294 2089 1324 2154 ἐν
1340 2089 1452 2173 ἀγγείῳ

336 2194 421 2276 ὑδωρ
450 2190 560 2274 ὑελίνην
587 2187 725 2272 ἄντικρυς
754 2183 838 2271 αύτιρ
865 2191 1066 2270 προσαγάγοι.
1112 2187 1303 2272 συναγομένη
1330 2187 1386 2272 γάρ
1408 2191 1452 2272 τηῖ
1470 2205 1503 2258 15

336 2291 458 2371 διαυγεῖ
488 2292 542 2350 τοῦ
571 2309 604 2349 τε
633 2285 744 2352 ύδατος
772 2285 823 2346 καὶ
854 2288 907 2366 τῆς
936 2282 1028 2348 ὑέλου
1057 2289 1110 2368 τῆς
1136 2287 1265 2369 ἡλιακῆς
1290 2287 1409 2354 ἀκτῖνος
1433 2282 1452 2364 ἡ

335 2387 418 2469 ἀκμὴ
450 2386 501 2450 καὶ
528 2385 605 2468 πρὸς
636 2385 739 2446 στενόν
774 2382 828 2465 μὲν
855 2383 1124 2467 παραπεμπομένη
1156 2386 1392 2468 προσομιλοῦσά
1420 2405 1453 2446 τε

337 2484 416 2567 ὑλη,
451 2482 565 2568 ῥηιδίως
595 2480 698 2563 πυρὸς.
714 2478 1017 2564 ἀντιλαμβανομένη,
1050 2481 1115 2564 ἅμα
1143 2503 1176 2544 τε
1208 2481 1299 2544 τίκτει
1322 2486 1382 2565 πῦρ
1402 2482 1453 2544 καλ

338 2585 446 2665 σαφῶς
465 2579 568 2642 πείθει
585 2580 635 2640 τόν
658 2578 698 2660 μῆ
720 2580 931 2661 φιλον[ε]ικεῖν
956 2576 1104 2642 ἐθέλοντα
1126 2584 1168 2648 ίος
1189 2582 1285 2663 πυρὸς
1304 2578 1385 2647 εἶδός
1400 2579 1453 2662 μὲν

338 2679 417 2741 ἐστὶν
443 2680 459 2740 ό
481 2678 583 2760 ἥλιος,
607 2679 667 2738 τῶν
692 2675 726 2736 δὲ
745 2679 798 2757 τῆς
819 2675 1019 2758 δημιουργίας
1040 2678 1187 2760 λαμπριῖιν
1203 2675 1310 2759 ’ἔργων
1333 2677 1349 2740 ό
1372 2683 1452 2760 πρόι-
1470 2690 1505 2744 κο

337 2797 405 2851 τος,
437 2774 544 2856 ἐπειδὴ
574 2773 626 2834 καὶ
655 2776 709 2834 τοῦ
736 2774 833 2855 πυρὸς
860 2774 879 2854 ἡ
906 2773 995 2857 φύσις
1023 2773 1166 2836 ἁπάντων
1191 2797 1226 2856 γε
1251 2773 1286 2836 ἀν
1311 2774 1452 2858 εὑρεθείη

339 2869 549 2955 λαμπροτέρα.
601 2869 722 2932 πάντων
746 2869 808 2953 ’γὰρ
839 2874 897 2932 τῶν
929 2869 1033 2932 ἄλλων
1062 2871 1221 2955 στοιχείων
1252 2872 1335 2934 κάτω
1365 2891 1454 2954 φερο·

340 2968 441 3054 μένων
471 2969 505 3032 τὸ
535 2972 594 3052 πῦρ
622 2965 716 3050 μόνον
745 2971 809 3034 τοῖς
836 2967 890 3049 μὲν
918 2973 1061 3036 καυστοῖς
1089 2968 1240 3052 ἐπιπηδᾷ,
1273 2967 1337 3031 ἀνω
1363 2967 1456 3030 δὲτὰ

338 3069 438 3130 πάντα
458 3066 512 3148 τὴν
534 3065 661 3149 πορείαν
685 3061 767 3149 ἔχει,
797 3064 957 3148 λεπτότητι
975 3063 1206 3150 ’κουφιζόμενον
1231 3067 1281 3129 καὶ
1296 3065 1396 3130 ἀὑτόν
1420 3087 1456 3147 γε

338 3165 390 3228 τὸν
412 3162 491 3247 ἀέρα
512 3161 681 3248 βαρύτατον
703 3161 876 3248 ἀπελέγχον
899 3169 943 3247 τηῖ
954 3187 988 3245 γε
1009 3163 1199 3248 ὑπερβαίνειν
1219 3163 1322 3240 αὐτόν,
1342 3166 1385 3231 ὑις
1402 3164 1453 3226 καὶ
1471 3175 1505 3228 θό

339 3263 449 3327 τούτου
481 3260 662 3344 λεπτότερον
694 3259 911 3344 διαφαίνεσθαι
942 3261 1099 3345 συγγενείηι
1124 3267 1162 3345 τῆ
1185 3263 1261 3345 πρὸς
1282 3263 1334 3326 τὸν
1357 3262 1455 3345 ἥλιον.

340 3364 358 3426 ό
378 3362 477 3425 τοίνυν
499 3359 607 3442 Μάνης
627 3357 795 3429 ἐκθειάζων
817 3362 861 3426 ὑς
878 3362 931 3440 τῆς
954 3358 1077 3444 φύσεως
1097 3359 1170 3423 ὄντα
1188 3364 1241 3423 τοῦ
1263 3359 1382 3442 ἀγαθοῦ
1405 3359 1456 3422 τὸν

338 3463 438 3545 ῆλιον,
466 3457 634 3522 κινδυνεύει
655 3459 817 3540 πυροειδῆ,
843 3458 960 3541 μᾶλλον
984 3457 1018 3520 δὲ
1042 3461 1151 3543 σαφῶς
1171 3462 1308 3522 τοιοῦτον
1331 3458 1367 3541 δή
1391 3479 1458 3520 τινα

339 3561 390 3622 τὸν
420 3555 537 3639 ἀγαθὸν
568 3555 712 3637 εἰσάγειν.
753 3555 842 3638 ἥλιος
870 3555 928 3640 γὰρ
958 3559 1011 3639 τῆς
1037 3556 1154 3639 θερμῆς
1182 3556 1328 3640 ὑπάρχων
1352 3555 1459 3624 ούσίας

340 3661 379 3738 τῆ
399 3653 485 3716 θέσει
506 3652 604 3733 πυρὸς
625 3651 777 3736 διαφέρει,
798 3657 838 3736 τῆ
857 3653 893 3716 δὲ
917 3653 1054 3738 ἐνεργείᾳ
1074 3653 1166 3716 ταὺτὸ
1190 3654 1263 3736 δρᾷ,
1290 3653 1317 3716 εἰ
1340 3654 1381 3737 μὴ
1404 3657 1457 3735 τῆς
1474 3663 1510 3718 ³0

342 3749 531 3815 διαστάσεως
551 3747 585 3808 τὸ
607 3745 716 3831 μέτρον
739 3749 877 3832 ἐξηρεῖτο
897 3749 933 3812 τὰ
953 3751 1163 3836 παρακείμενα
1183 3753 1236 3834 τῆς
1255 3750 1460 3835 ἀκμαιοτέρας

342 3846 437 3910 αὑτοῦ
459 3844 645 3928 προσβολῆς.
679 3845 760 3908 ἀλλά
782 3847 840 3928 μὴν
863 3842 918 3928 κάν
940 3850 1003 3913 τοῖς
1019 3849 1109 3909 πᾶσιν
1129 3847 1292 3932 ἐπίβουλος
1311 3847 1458 3931 ἐνομίσθη

342 3943 433 4030 ζῴοις
459 3965 493 4005 τε
514 3941 566 4004 καλ
587 3943 703 4025 φυτοῖς,
726 3941 753 4003 εί
772 3943 813 4025 μὴ
835 3943 1122 4026 σογκατεσκεοάσθη
1143 3966 1178 4026 γε
1198 3943 1281 4030 αῦτηῖ
1299 3945 1384 4030 παρὰ
1404 3948 1458 4007 τοῦ

342 4044 531 4127 δημιουργοῦ
551 4038 628 4121 πρὸς
648 4037 823 4121 ἐπικουρίαν
844 4039 935 4122 ἕτερα
953 4039 992 4102 δι’
1014 4040 1055 4102 ὧν
1072 4040 1106 4102 τὸ
1122 4041 1199 4124 πρὸς
1215 4042 1302 4124 ῆλιον
1320 4041 1460 4126 ἀσφαλὲς

340 4145 414 4225 ἡμῖν
440 4163 473 4204 τε
501 4137 554 4200 καὶ
582 4139 645 4204 τοῖς
673 4133 779 4204 ἄλλοις
806 4135 897 4221 ζηίοις
922 4137 1062 4222 ὑπάρχει.
1107 4136 1170 4201 ἔστι
1196 4139 1349 4220 δὲταῦτα
1367 4160 1458 4202 κατα·
1475 4149 1510 4204 35

343 4241 444 4306 δύσεις
470 4259 505 4300 τε
531 4235 582 4297 καὶ
612 4230 739 4307 σκέπαι,
765 4236 842 4316 πρὸς
862 4235 898 4298 δὲ
919 4236 970 4298 καὶ
993 4240 1099 4321 φυτοῖς
1119 4236 1237 4300 ὑδάτων
1259 4259 1293 4299 τε
1316 4234 1460 4320 χορηγίαι

342 4337 394 4400 καὶ
421 4333 543 4418 ἀνέμων
570 4329 673 4394 πνοαί.
716 4330 797 4392 ὥστε
820 4333 872 4396 καὶ
899 4334 928 4396 οί
949 4333 1085 4418 πέμπτον
1109 4338 1261 4418 στοιχεῖον
1286 4331 1461 4417 ὁριζόμενοι

343 4435 422 4499 εἶναι
442 4432 493 4494 τδν
514 4431 602 4513 ἥλιον
622 4425 699 4510 πρός
717 4449 752 4508 γε
773 4428 811 4492 τό
830 4437 915 4516 σαφῆ
937 4433 978 4517 μὴ
1003 4431 1284 4517 φιλον[ε]ικούντων
1309 4430 1341 4498 ἐς
1350 4475 1459 4492 ......

343 4534 395 4597 καὶ
414 4533 514 4601 οὕτως
532 4524 625 4593 αύτδς
647 4525 663 4587 ὑ
682 4525 892 4608 χαλεπώτατα
912 4530 1016 4614 μανεὶς
1034 4531 1085 4594 τὸν
1101 4533 1160 4591 τῶν
1176 4529 1260 4592 όλων
1274 4527 1459 4622 δημιουργὸν
