3517 5434
332 653 357 708 B
373 651 498 712 2⁸40.
868 641 909 704 ss

333 805 425 889 μόνον
455 808 489 870 τὸ
518 807 571 888 τὴν
592 806 811 891 συμφέρουσαν
835 809 1011 891 οἰκονομίαν
1033 809 1174 880 κακίζειν.
1219 808 1315 892 όγόιρ
1339 811 1444 874 παιδο-

331 904 434 966 ποιίαν
456 905 631 990 διαβάλλων
653 909 696 974 ῶς
717 905 878 989 αὐξητικὴν
900 909 952 986 τῆς
972 905 1056 988 ῦλης,
1079 904 1167 974 οὗτος
1181 905 1313 970 θάνατον
1328 905 1444 989 ἀθρόον

331 1003 462 1073 κακίζων
496 1006 567 1064 νοῦν
596 1024 631 1084 γε
663 1002 854 1084 ἀνθρώπινον
885 1001 935 1086 ἀρ’
969 1001 1050 1087 ἔχειν
1074 1003 1109 1067 ἀν
1133 1003 1252 1085 δοκοίη,
1282 1002 1446 1088 μαχόμενα

330 1100 396 1162 λίαν
420 1101 522 1184 ἑαυτῷ
544 1098 790 1184 φανταζόμενυςς
819 1099 891 1162 ἀλλ’
916 1099 986 1162 οὔτε
1009 1102 1192 1164 παιδοποιία
1213 1101 1304 1184 κακή,
1325 1100 1358 1162 τὸ
1383 1100 1444 1164 ἀεί-

296 1201 412 1268 ὅζωον
437 1201 481 1282 τῷ
509 1197 612 1281 θνητῷ
637 1196 719 1280 γένει
748 1202 882 1260 ποιοῦσα
910 1199 960 1260 καὶ
981 1197 1179 1282 προστιθεῖσα
1201 1202 1239 1282 τγῙ
1262 1197 1446 1280 δημιουργίᾳ

330 1294 400 1363 τοὺς
418 1295 629 1378 γιγνομένους·
655 1293 727 1357 οὔτε
747 1294 877 1363 θάνατος
896 1291 964 1378 (κᾷν
984 1295 1080 1365 πολύς
1102 1295 1226 1380 ἀθρόως
1247 1294 1444 1378 ἐπενεχθείη)

329 1391 479 1475 πονηρός,
511 1391 568 1454 οὐκ
596 1391 645 1454 ἐπὶ
675 1391 769 1474 ζημία
796 1391 873 1454 κατὰ
903 1393 1075 1478 ἀνθρώπων
1106 1393 1163 1456 ύπδ
1193 1393 1269 1456 θεοῦ
1294 1391 1443 1475 κείμενος,
1513 1453 1516 1460 ,

330 1489 401 1552 ἀλλ’
433 1490 480 1552 ἐπ’
510 1488 650 1572 ὠφελείᾳ
675 1492 714 1572 τῇ
742 1488 890 1573 ἀνωτάτω
919 1491 1045 1559 δικαίοις
1074 1513 1108 1554 τε
1134 1492 1185 1555 καὶ
1221 1490 1337 1557 ἀδίκοις
1374 1491 1442 1572 ῶρι·

331 1585 451 1668 σμένος.
498 1588 533 1650 τδ
563 1586 598 1650 δὲ
624 1584 699 1648 κατά
719 1584 812 1668 μέρος
835 1586 954 1671 ἑκάστῳ
978 1589 1143 1674 συμβαῖνον
1172 1590 1323 1672 φυσικῶς,
1352 1589 1442 1646 τοῦτο

279 1693 314 1746 ίθ
330 1686 458 1752 πολλοῖς
485 1683 609 1768 ἀθρόως
635 1683 664 1746 εἰ
687 1681 830 1758 ἐπέλθοι,
859 1683 936 1748 κατὰ
959 1685 1047 1769 φύσιν
1072 1687 1126 1770 μὲν
1151 1683 1249 1749 ἔπεισι
1273 1683 1324 1746 καὶ
1348 1681 1441 1744 πλέον

330 1779 439 1857 οὐδέν,
464 1779 602 1865 τοσαύτην
631 1781 666 1844 δὲ
692 1784 747 1844 τοῦ
771 1781 848 1846 κατὰ
869 1781 962 1867 μέρος
985 1784 1110 1866 μείζονα
1131 1788 1184 1846 τοῦ
1208 1781 1444 1863 οἰκονομοῦντες

328 1877 381 1959 τὴν
407 1879 592 1961 κηδεμονίαν
621 1880 778 1962 σημαίνει,
810 1880 876 1965 όσιρ
906 1881 939 1944 τὸ
971 1881 1025 1964 μὲν
1057 1879 1146 1944 οὐδὲν
1170 1880 1332 1963 τεκμήριον
1351 1899 1442 1940 κατα-

328 1976 457 2059 κρίσεως
483 1983 542 2039 τῶν
564 1976 801 2061 ἁμαρτανόντων
826 1976 902 2062 ἔχει,
925 1979 958 2040 τὸ
981 1978 1015 2040 δὲ
1037 1984 1076 2061 τγῙ
1097 1979 1230 2042 κατὰτὸ
1256 1973 1441 2060 φαινόμενον

329 2074 533 2157 ἀγανακτήσει
556 2074 627 2142 τοὺς
655 2076 709 2157 μὲν
732 2078 936 2144 τελευτῶντας
957 2077 1007 2138 τὸν
1031 2077 1190 2161 εἰρημένον
1212 2075 1309 2138 πάλαι
1329 2071 1441 2156 τρόπον

279 2180 311 2232 16
330 2171 494 2256 εὐεργετεῖ,
515 2169 586 2239 τοὺς
599 2172 635 2234 δὲ
651 2176 767 2244 ζῶντας
780 2173 964 2258 ἐπιστρέφει.
1011 2173 1062 2247 29,
1088 2175 1115 2237 εἰ
1129 2173 1164 2236 δέ
1177 2196 1219 2242 τις
1231 2173 1355 2234 πολλῶν
1369 2172 1440 2232 πολ·

328 2271 413 2337 λάκις
440 2269 587 2332 τοιούτων
617 2269 802 2352 γιγνομένων
833 2271 966 2334 δείκνυσι
997 2275 1048 2336 τδν
1074 2272 1264 2355 ἀνθρώπινον
1292 2269 1356 2354 βίον
1380 2271 1444 2335 τοῖς

329 2365 432 2434 αὐτοῖς
465 2364 694 2450 ἐμπλεκόμενον
727 2369 912 2451 ἀδικήμασι,
944 2371 1157 2454 παραπλήσιον
1188 2366 1261 2450 ἐμοί
1291 2387 1325 2447 γε
1357 2364 1445 2426 δοκεῖ

328 2467 456 2549 πάσχειν
473 2467 490 2528 ό
506 2468 654 2539 τοιοῦτος,
672 2467 742 2544 [ὡς]
755 2463 842 2534 εἴτις
856 2466 886 2528 ἐν
901 2467 1019 2550 λίμναις
1031 2467 1082 2530 καὶ
1096 2467 1231 2548 θαλάττῃ
1247 2463 1318 2532 τοὺς
1332 2461 1442 2546 ἰχθύας

328 2563 409 2644 όρῶν
442 2560 538 2624 οῖοιτο
568 2561 620 2642 τὴν
649 2561 820 2644 ἁλιευτικὴν
850 2562 958 2648 τέχνην
989 2565 1110 2646 ἀργεῖν,
1143 2562 1215 2630 τοὺς
1241 2559 1442 2645 θηρωμένους

275 2666 311 2722 w
329 2659 389 2742 οὐχ
409 2660 502 2742 όρῶν,
523 2658 595 2728 τοδς
614 2661 649 2724 δὲ
672 2660 863 2745 νηχομένους
886 2661 916 2724 ἐν
937 2665 999 2730 τοῖς
1022 2662 1111 2724 ύδασι
1132 2659 1270 2745 βλέπων·
1295 2658 1314 2740 ή
1337 2660 1440 2739 ὥσπερ

327 2756 359 2819 εί
380 2778 423 2824 τις
446 2756 582 2825 πολλοὺς
609 2759 778 2842 κάμνοντας
807 2760 887 2842 όρῶν
918 2761 1013 2842 μηδὲν
1043 2759 1095 2840 τὴν
1125 2758 1257 2841 ἰατρικὴν
1287 2754 1440 2838 ἐνέργειαν

327 2853 459 2937 οἰηθείη.
497 2857 621 2918 πολλῶν
643 2856 700 2940 γάρ
722 2855 985 2940 εὐεργετουμένων
1010 2857 1052 2925 εἰς
1076 2855 1234 2940 εὐσέβειάν
1253 2877 1286 2916 τε
1304 2854 1354 2916 καὶ
1372 2853 1439 2934 ἀρε-

326 2955 390 3036 τήν,
413 2953 454 3016 δι’
477 2957 519 3018 ῶν
541 2951 619 3016 ἔστιν
643 2953 695 3016 ότε
713 2953 751 3016 τά
773 2953 894 3038 φυβερά
916 2953 988 3022 θεδς
1011 2955 1179 3036 οἰκονομεῖ,
1202 2953 1218 3014 ό
1237 2952 1385 3035 φιλαίτιος
1405 2950 1439 3012 τδ

327 3051 381 3134 μὲν
404 3051 650 3134 κατορθούμενον
676 3052 829 3134 ἀρνεῖται,
856 3054 889 3114 τὸ
914 3052 949 3114 δὲ
972 3050 1143 3136 φιλόνεικον
1167 3053 1230 3113 τῶν
1250 3049 1375 3111 πολ-λῶν
1397 3041 1441 3114 είς

274 3161 310 3215 25
327 3149 476 3232 ἁμαρτίαν
504 3149 654 3219 ὀνειδίζει.
698 3148 796 3212 καίτοι
823 3149 924 3232 φαμὲν
942 3147 1014 3212 ὀὐδ’
1038 3149 1128 3232 ἡμεῖς
1150 3144 1354 3228 ἀναγκαστικά
1376 3147 1440 3212 τοῖς

235 3247 237 3250 ’
324 3249 452 3314 πολλοῖς
472 3244 605 3308 εἶναιτὰ
626 3249 764 3320 τοιαῦτα,
786 3244 856 3308 ἀλλ’
878 3245 1084 3329 ἀποτρεπτικά
1103 3249 1156 3310 τοῦ
1173 3244 1356 3327 ἁμαρτάνειν
1377 3243 1440 3310 τοῖς

325 3343 581 3427 εὐγνωμονοῦσιν.
625 3342 733 3405 αὐτίκα
762 3344 838 3426 πρὸς
871 3343 973 3423 όλίγον
1008 3342 1186 3426 ἐπαγόμενα
1215 3339 1336 3424 ταχέως
1365 3339 1439 3402 ἀπο·

324 3441 464 3516 παύεται,
485 3441 534 3504 ίνα
559 3442 600 3524 μὴ
625 3432 765 3526 βιάσηται
787 3442 904 3521 μᾶλλον
926 3439 945 3522 ἢ
968 3440 1074 3502 πειθοῖ
1096 3439 1269 3524 μεταβάλῃ·
1297 3435 1385 3504 αὐθις
1404 3436 1439 3498 δὲ

323 3538 360 3601 τά
391 3538 507 3621 συνήθη
534 3536 742 3613 πολιτεύεται,
771 3537 804 3598 τδ
834 3535 959 3620 δόκιμον
983 3541 1035 3620 τῆς
1057 3528 1239 3620 προθέσεως
1262 3538 1326 3601 τοῖς
1349 3555 1438 3616 μετα·

272 3647 308 3702 ³⁰
325 3634 527 3720 βαλλομένοις
547 3635 750 3717 ἐμποιοῦντα,
777 3633 827 3695 ἵνα
855 3635 907 3696 καὶ
932 3633 1025 3718 μόνην
1048 3639 1108 3697 τῶν
1132 3632 1362 3714 ὑποδειγμάτων
1385 3631 1438 3712 τἠν

324 3733 445 3816 μνήμην
468 3731 533 3795 ἀντ’
558 3731 737 3814 ἐρείσματος
758 3728 859 3816 ἔχοιεν
880 3737 933 3814 τῆς
957 3734 1075 3796 ἑαυτῶν
1097 3729 1258 3798 ἀσθενείας
1276 3728 1305 3789 οἱ
1326 3726 1438 3808 εὐγνώ-

324 3853 424 3912 μονες.
471 3827 578 3917 ’ρητέον
610 3827 644 3890 δὲ
671 3829 788 3909 μᾶλλον
816 3833 859 3897 ῶς
880 3831 908 3892 εἰ
932 3831 1064 3894 καὶτῶν
1088 3829 1234 3892 τοιούτων
1259 3821 1437 3909 συμβαινόν·

322 3949 382 3990 των
405 3925 503 4008 ὀλίγοι
524 3923 601 3992 τινὲς
620 3925 671 3986 καί
693 3923 895 4010 εὐαρίθμητοι
916 3931 1115 4014 τυγχάνουσιν
1144 3926 1173 3988 οί
1196 3918 1439 4006 διαμειβόμενοι,

323 4029 388 4091 πῶς
408 4023 464 4085 οὐκ
481 4021 517 4084 ἀν
535 4021 690 4084 ἐπέδωκεν
711 4022 760 4085 ἐπὶ
778 4026 920 4088 πλεῖστον
937 4027 1084 4110 πονηρίας
1097 4030 1156 4088 τῶν
1171 4021 1343 4104 ἀνθρώπων
1359 4019 1374 4081 ό
1389 4020 1438 4079 λο-

271 4131 306 4186 35
323 4119 448 4202 γισμός,
480 4117 565 4201 εἴπερ
594 4120 613 4200 ή
644 4119 694 4182 διὰ
724 4127 784 4184 τῶν
807 4123 955 4188 τοιούτων
979 4123 1138 4207 ἀποτροπὴ
1164 4119 1205 4202 μὴ
1230 4115 1324 4190 ἐπίοι;
1353 4114 1438 4178 εἰδὲ

322 4218 374 4281 καὶ
401 4217 508 4300 μηδεὶς
534 4216 674 4281 ἐντεῦθεν
704 4221 858 4302 ὠφελοῖτο
888 4221 979 4307 (όπερ
1006 4219 1127 4305 ἠλίθιον
1154 4217 1282 4295 εἰπεῖν),
1318 4210 1437 4297 βέλτιον

322 4314 506 4396 ἀνθρώπους
534 4313 719 4399 ἐλέγχεσθαι
745 4320 788 4384 ῶς
816 4318 896 4400 μηδὲ
925 4323 1031 4381 τοῦτον
1057 4320 1108 4382 τόν
1130 4313 1242 4400 τρόπον
1265 4307 1439 4378 ἐνδιδόντας

321 4411 341 4494 ἡ
363 4411 436 4474 θεὸν
459 4410 606 4493 ἀμελείας
628 4410 664 4476 ἀν
689 4413 786 4477 αἰτίαν
809 4415 934 4500 ὑπέχειν
955 4419 997 4484 ῶς
1015 4413 1120 4499 μηκέτι
1140 4405 1337 4494 ἐπιστρεφείρ
1356 4407 1436 4491 χρῶ-

323 4529 429 4590 μενον·
454 4503 481 4594 ᾧ
499 4508 651 4594 χρηστέον
673 4509 757 4597 λόγῳ
773 4512 851 4576 κατὰ
873 4519 933 4577 τῶν
956 4514 997 4598 μὴ
1018 4507 1302 4592 ἐπαισθανομένων.
1342 4505 1436 4587 δῆλον
