3517 5434
770 636 775 655 Ι
868 663 928 722 115
1046 665 1047 671 “
1373 676 1454 732 Ἰούλ.

330 827 399 887 πῶν
429 825 467 888 τά
496 825 618 888 ἐναυτία
645 827 840 910 φρονούντων
865 823 1189 913 ἐκβαινέτωσαν,’θισ
1211 830 1252 913 μὴ
1274 835 1313 914 τηῙ
1335 832 1455 914 διανοίη

284 941 289 949 ·
340 923 553 1007 εὐφημοῦντες
573 927 635 991 τοῖς
657 924 773 1007 βήμασι
796 925 1007 1008 δυσφημῶσιν.
1050 926 1164 1009 ἀνάγκη
1187 926 1244 1010 γὰρ
1269 927 1380 995 αὐτούς
1399 926 1454 989 δύο

339 1019 485 1101 λέγοντας
512 1020 620 1105 φύσεις
644 1021 698 1103 τὴν
729 1022 785 1102 μὲν
813 1022 884 1104 μίαν
914 1027 1111 1106 προσκυνεῖν,
1144 1025 1196 1107 τήν
1227 1025 1261 1086 δὲ
1285 1023 1390 1108 ἑτέραν
1413 1024 1454 1107 μὴ

337 1124 530 1201 προσκυνεῖν,
558 1117 610 1179 καί
633 1118 675 1186 εἰς
700 1119 754 1202 μὲν
775 1118 881 1202 θεῐκὴν
904 1119 1119 1204 βαπτίζεσθαι,
1142 1123 1185 1190 εἰς
1208 1122 1314 1204 δὲτὴν
1339 1121 1455 1205 ἀνθρω-
1558 1140 1561 1146 ’

338 1215 426 1298 πίνην
448 1217 489 1299 μὴ
512 1215 723 1300 βαπτίζεσθαι.
767 1217 795 1279 εί
815 1217 850 1280 δὲ
871 1217 914 1284 εἰς
930 1218 980 1279 τὸν
1002 1217 1134 1280 θάνατον
1154 1223 1209 1281 τοῦ
1228 1219 1333 1302 κυρίου
1353 1221 1453 1302 βαπτι-
1471 1239 1488 1290 5

272 1301 277 1308 ’
341 1312 475 1395 ζύμεθα,
507 1313 576 1397 μίαν
608 1315 821 1396 ὁμολογοῦμεν
851 1312 941 1398 φύσιν
974 1318 1027 1396 τῆς
1058 1316 1200 1384 ἀπαθοῦς
1230 1315 1376 1398 θεότητος
1405 1319 1455 1378 καὶ

339 1414 393 1494 τῆς
412 1411 583 1493 παθητικῆς
607 1408 728 1493 σαρκός,
752 1409 801 1473 ίνα
822 1411 921 1478 ούτως
941 1411 984 1478 είς
1003 1411 1076 1473 θεὸν
1099 1410 1171 1496 ήτὸ
1193 1413 1347 1498 βάπτισμα
1366 1414 1454 1495 ἡμῶν

338 1510 390 1571 καὶ
419 1507 463 1574 εἰς
489 1508 539 1569 τὸν
572 1507 703 1570 θάνατον
733 1515 787 1572 τοῦ
814 1509 920 1592 κυρίου
950 1508 1144 1591 τελούμενον.
1186 1511 1237 1572 καὶ
1259 1509 1316 1593 γδρ
1341 1509 1377 1572 ού
1402 1533 1455 1594 φο-

340 1605 481 1691 βούμεθα
511 1603 582 1671 τούς
609 1607 802 1690 συκοφάντας
828 1606 900 1674 τούς
928 1607 1121 1690 διαιροῦντας
1149 1607 1192 1674 εἰς
1222 1607 1276 1670 δύο
1304 1606 1455 1692 πρόσωπα

339 1704 389 1766 τὸν
414 1703 532 1787 κύριον,
556 1701 620 1778 ἐάν,
645 1703 733 1783 ἡμῶν
756 1703 809 1784 τήν
834 1703 942 1768 ἕνωσιν
964 1703 1199 1788 προσβευόντων
1222 1706 1275 1786 τὴν
1301 1703 1453 1786 εύαγγελι-
1475 1724 1507 1776 10

339 1800 394 1882 κὴν
417 1801 468 1862 καί
489 1801 705 1882 ἀποστολικήν,
726 1801 950 1885 βλασφημῶσιν
972 1801 1054 1883 ἡμᾶς
1077 1805 1119 1867 ῶς
1135 1800 1187 1881 τὴν
1202 1802 1300 1886 σάρκα
1314 1801 1457 1884 λέγοντας

339 1897 371 1967 ἐξ
392 1897 537 1981 ούρανοῦ.
571 1899 662 1976 [....]
683 1897 757 1958 οὐδὲ
776 1898 845 1981 γάρ,
867 1899 919 1962 ὅτε
940 1897 1068 1981 λέγομεν
1092 1899 1142 1961 τόν
1163 1899 1231 1976 υἱὸν
1250 1903 1304 1961 τοῦ
1319 1899 1394 1961 θεοῦ
1409 1921 1455 1980 γε·

338 1993 467 2077 νόμενον
491 1995 525 2058 ἐκ
544 1993 696 2077 γυναικός,
719 1995 878 2077 δυνάμεθα
900 1996 1152 2080 βλασφημεῖσθαι
1175 1999 1217 2064 ῶς
1236 1997 1286 2059 τδν
1307 1994 1398 2077 λόγον
1422 1996 1456 2058 ἐκ

338 2096 393 2173 γῆς
413 2090 544 2175 λέγομεν
564 2093 615 2154 καὶ
640 2092 680 2174 μὴ
706 2090 736 2159 ἐξ
755 2092 902 2176 ούρανοῦ.
947 2093 1076 2177 λέγομεν
1098 2093 1132 2156 δὲ
1154 2093 1191 2156 τά
1212 2092 1384 2176 ἀμφότερα,
1406 2093 1456 2154 καὶ

340 2189 371 2257 ἐξ
401 2189 535 2272 ούρανοῦ
565 2191 599 2252 τό
626 2190 699 2252 ὅλον
729 2189 779 2250 διὰ
800 2189 854 2271 τὴν
876 2188 1010 2273 θεότητα
1031 2191 1081 2252 καὶ
1104 2191 1137 2252 ἐκ
1159 2191 1300 2273 γυναικὸς
1323 2191 1356 2252 τό
1383 2191 1454 2252 ὅλον
1474 2209 1507 2260 15

340 2285 391 2347 διά
413 2287 466 2368 τήν
488 2289 603 2370 σάρκα,
634 2286 691 2348 οὐκ
714 2284 829 2355 εἰδότες
852 2285 997 2368 διαίρεσιν
1020 2291 1074 2348 τοῦ
1099 2287 1168 2355 ἑνὸς
1188 2291 1357 2371 προσώπου
1382 2287 1456 2350 οὐδὲ

340 2382 564 2467 ἀποτέμνοντες
588 2389 642 2448 τοῦ
673 2385 820 2469 οὐρανίου
851 2386 886 2448 τὸ
913 2385 1015 2467 γήϊνον
1043 2384 1117 2446 ούδὲ
1144 2390 1198 2448 τοῦ
1222 2385 1327 2468 γηίνου
1352 2386 1383 2447 τδ
1407 2385 1456 2448 ού-

340 2482 462 2564 ράνιον·
496 2482 611 2566 ἀσεβὴς
630 2481 688 2566 γάρ
712 2484 731 2564 ἡ
755 2483 897 2566 διατομή.
939 2483 980 2565 μή
1007 2479 1059 2544 ούν
1082 2488 1145 2552 τοῖς
1168 2483 1363 2566 διατέμνουσι
1385 2483 1455 2566 πρό-

340 2600 435 2660 φασιν
466 2578 635 2642 διδότωσαν
665 2581 695 2642 οἱ
721 2581 776 2642 δύο
803 2579 944 2662 λέγοντες
972 2578 1091 2663 φύσεις·
1126 2580 1197 2642 οότε
1222 2579 1278 2662 γὰρ
1307 2582 1340 2643 τὸ
1365 2587 1456 2664 σῶμα

339 2675 409 2737 καθ’
438 2677 530 2738 ἑαυτὸ
557 2677 647 2762 φύσις
674 2678 724 2739 ἐπὶ
751 2682 805 2740 τοῦ
835 2678 904 2744 ἑνός
928 2681 1072 2759 χριστοῦ,
1104 2676 1169 2738 ἐπεὶ
1198 2678 1277 2759 μηδὲ
1303 2679 1454 2746 ζωοποιδν
1473 2691 1508 2744 νο

339 2770 410 2835 καθ’
444 2773 535 2836 ἑαυτδ
568 2775 647 2856 μηδὲ
673 2773 891 2856 διατέμνεσθαι
919 2774 1087 2854 δυνάμενον
1118 2772 1190 2834 ἀνευ
1220 2777 1274 2835 τοῦ
1300 2776 1455 2844 ζωοποιοῦ

340 2869 433 2952 λόγου
450 2905 489 2916 -
505 2870 575 2934 ούτε
599 2873 615 2934 δ
635 2871 727 2955 λόγος
748 2871 818 2934 καθ’
840 2872 949 2933 ἑαυτὸν
970 2871 1012 2938 εἰς
1033 2871 1109 2932 ἰδίαν
1132 2869 1284 2952 μερίζεται
1298 2869 1398 2953 φύσιν,
1419 2869 1455 2952 ἣν

340 2965 407 3052 ἔχει
428 2967 506 3030 κατὰ
527 2969 561 3031 τὸ
581 2967 727 3054 ἀσαρκον,
753 2969 860 3050 ἐπειδὴ
886 2967 917 3030 ἐν
939 2968 1025 3051 σαρκὶ
1048 2969 1064 3030 ύ
1089 2967 1193 3051 κύριος
1211 2969 1262 3030 καὶ
1285 2966 1341 3030 οὐκ
1364 2967 1455 3050 ἀσαρ-

339 3087 393 3132 κος
414 3064 592 3150 ἐπεδήμησε
614 3072 658 3152 τῷ
676 3067 785 3151 κύσμιμ
800 3103 839 3114 -
856 3064 927 3128 ούτε
950 3063 1023 3150 [69]
1047 3066 1080 3128 τὸ
1095 3065 1211 3127 κτιστδν
1229 3069 1317 3149 σῶμα
1330 3065 1457 3149 χωρίζει

340 3167 393 3245 τῆς
412 3164 552 3226 ἀκτίστου
574 3164 731 3250 θεότητος,
754 3164 802 3227 ίνα
824 3164 943 3249 χωρίζη
966 3187 1009 3232 τις
1022 3165 1109 3248 φύσιν
1125 3163 1243 3245 κτιστήν
1256 3198 1295 3210 -
1310 3162 1380 3224 ούτε
1396 3163 1454 3245 μὴν
1472 3177 1507 3232 25

342 3266 358 3324 ύ
390 3261 528 3329 ἀκτιστος
556 3262 647 3345 λόγος
679 3263 857 3346 ἐπεδήμησε
889 3261 985 3346 χωρὶς
1018 3263 1176 3344 σώματος,
1210 3260 1260 3323 ἵνα
1282 3262 1390 3345 μερίζη
1414 3283 1457 3329 τις

341 3359 481 3422 ἀκτίστου
511 3358 611 3443 φύσιν.
657 3361 690 3423 εί
712 3361 746 3422 δὲ
775 3361 806 3423 ἓν
835 3357 979 3444 ἑκάτερόν
1010 3359 1072 3420 ἐστι
1095 3357 1172 3421 κατὰ
1197 3359 1250 3441 τήν
1274 3357 1381 3422 ἕνωσιν
1406 3360 1456 3422 καὶ

340 3457 393 3538 τὴν
417 3456 544 3517 σύνοδον
566 3457 618 3518 καὶ
636 3458 689 3540 τήν
710 3457 849 3520 σύνθεσιν
868 3459 922 3542 τήν
944 3457 1171 3542 ἀνθρωποειδῆ,
1193 3455 1224 3518 ἓν
1240 3457 1340 3520 καὶτὸ
1358 3456 1456 3541 ὄνομα

341 3559 384 3638 τῷ
397 3551 534 3636 σονθέτιμ
546 3554 846 3638 προσεφαρμόζεται,
862 3560 885 3635 [.
897 3603 920 3618 ..
932 3559 954 3635 .]
967 3555 1027 3618 ἀπὸ
1041 3555 1095 3638 μὲν
1110 3558 1162 3636 τῆς
1173 3553 1323 3638 θεότητος
1333 3555 1366 3618 τὸ
1380 3554 1455 3617 ἀπα-

340 3649 405 3722 θές,
428 3650 487 3711 ἀπὸ
509 3651 544 3711 δὲ
564 3655 619 3712 τοῦ
644 3655 788 3732 σώματος
804 3655 837 3716 τὸ
858 3653 1008 3736 παθητόν.
1042 3653 1093 3714 καὶ
1106 3653 1210 3736 ὥσπερ
1226 3652 1389 3722 ἀκούοντες
1401 3657 1454 3714 τοῦ
1473 3663 1508 3718 ³0

343 3745 469 3809 Παύλου
497 3748 548 3809 τόν
576 3749 700 3830 χριστὸν
724 3749 862 3832 παθητὸν
885 3751 1038 3832 λέγοντος,
1066 3749 1103 3812 ού
1125 3754 1256 3834 μερικῶς
1280 3747 1456 3833 ήκούσαμεν

342 3841 414 3904 οὔτε
441 3843 494 3926 τὴν
524 3842 656 3927 θεότητα
684 3845 824 3929 παθητὴν
854 3846 1055 3930 ἐνομίσαμεν,
1090 3845 1188 3914 οὕτως
1210 3847 1261 3908 καὶ
1283 3847 1316 3908 τδ
1340 3847 1456 3908 κτιστύν

341 3942 392 4004 καὶ
415 3941 526 4003 δοῦλον
548 3942 619 4004 ούτε
641 3949 773 4025 μερικῶς
793 3941 914 4025 λέγεται
935 3941 1006 4004 ούτε
1022 3943 1075 4025 τὴν
1092 3943 1226 4027 θεότητα
1241 3947 1327 4005 ποιεῖ
1339 3943 1455 4025 κτιστήν

343 4035 413 4100 οὔτε
442 4038 567 4122 δούλην.
609 4041 661 4104 καὶ
688 4043 778 4104 πάλιν
807 4042 840 4104 τὸ
867 4040 1004 4104 οἴκτιστον
1031 4039 1101 4102 οὔτε
1122 4041 1174 4124 τὴν
1198 4043 1296 4125 σάρκα
1319 4039 1456 4102 ἀκτιστον

341 4139 427 4197 ποιεῖ
450 4135 521 4199 ούτε
550 4145 682 4222 μερικῶς
707 4139 756 4201 ἐπὶ
774 4144 828 4221 τῆς
846 4138 994 4222 θεότητος
1015 4137 1110 4221 μόνης
1131 4137 1262 4221 λέγεται.
1302 4143 1397 4200 ταῦτα
1421 4137 1456 4198 δὲ
1473 4153 1508 4207 35

343 4233 425 4295 ούτω
455 4241 640 4318 φρονοῦντες
666 4234 841 4318 μενέτωσαν
869 4236 901 4299 ἐν
928 4236 1043 4321 ἡσυχίᾳ
1071 4236 1125 4305 τὰς
1150 4235 1290 4320 περιττὰς
1320 4235 1458 4318 ζητήσεις
1494 4224 1496 4228 ’

343 4329 540 4407 ἐκκλίνοντες,
562 4335 613 4395 καὶ
635 4334 779 4416 βημάτων
800 4333 892 4396 ἕνεκα
907 4334 947 4417 μή
963 4334 1128 4417 διαιρῶμεν
1149 4334 1186 4396 τὰ
1202 4332 1350 4417 δόγματα.
1386 4353 1456 4413 συμ-

341 4429 523 4510 πεφώνηται
553 4427 607 4492 ούν
638 4431 689 4491 καὶ
723 4433 899 4514 συμφώνως
929 4429 1126 4514 ὡμολόγηται
1155 4433 1187 4493 τό
1220 4435 1311 4514 σῶμα
1341 4428 1376 4492 ἐκ
1405 4432 1459 4509 τῆς

344 4522 511 4606 παρθένου,
535 4527 553 4610 ή
576 4524 688 4609 θεύτης
710 4526 740 4594 ἐξ
763 4526 910 4611 ούρανοῦ,
934 4528 968 4590 τὸ
993 4531 1084 4609 σῶμα
1105 4529 1277 4592 πέπλασται
1297 4529 1327 4589 ἐν
1347 4527 1458 4610 κοιλίη,

1265 4625 1307 4689 s*
