3517 5434
861 651 902 714 έθ
1287 665 1311 718 Β
1330 666 1374 722 ³8.
1393 663 1436 722 ³0.

320 818 397 882 κατὰ
418 823 478 884 τῶν
502 819 779 905 δημιουργημάτιον
804 819 999 903 κινούμενος,
1033 815 1149 900 ἐλέγξει
1172 820 1206 884 δέ
1231 820 1247 884 δ
1271 817 1361 902 λόγος
1382 823 1437 882 τοῦ

322 918 501 985 ἀπατεῶνος
525 917 579 1000 τήν
611 915 723 1000 ἀλογον
746 917 797 981 καί
820 916 851 979 ἐν
873 915 992 984 τούτοις
1013 915 1219 1002 βλασφημίαν.
1264 914 1358 1000 θηρία
1379 915 1437 1000 γὰρ

322 1013 442 1077 ἅπαντα
467 1014 641 1098 τετράποδά
665 1037 698 1095 τε
725 1016 777 1078 καὶ
805 1012 919 1099 ἑρπετὰ
946 1013 1079 1102 κακίζων
1100 1012 1313 1096 παραπλήσιόν
1334 1037 1361 1075 τι
1382 1015 1437 1076 πά-

323 1135 408 1197 σχειν
430 1135 483 1196 μοι
503 1113 599 1190 δοκεῖ,
622 1114 726 1197 ὥσπερ
748 1111 784 1176 ἀν
806 1111 898 1181 εἴτις
917 1110 1160 1197 φιλαμαρτήμων
1183 1111 1294 1179 δοῦλος
1310 1111 1362 1174 καὶ
1371 1111 1440 1191 λίαν

321 1210 455 1295 πονηρὸς
478 1209 516 1273 τά
545 1209 599 1293 μὲν
630 1209 712 1274 ἀλλα
736 1215 791 1274 τοῦ
814 1208 965 1274 δεσπότου
989 1207 1084 1271 αὐτοῦ
1105 1207 1302 1270 ἀκαταιτίατα
1326 1207 1472 1284 ἄποδά-5

321 1329 427 1391 χοιτο,
459 1307 562 1390 μισοίη
590 1307 626 1370 δέ
652 1309 703 1371 καὶ
725 1309 889 1393 διαβαλλοι
912 1307 1042 1391 μάστιγά
1062 1327 1122 1368 που
1145 1304 1195 1366 καὶ
1218 1304 1310 1388 μόνον
1333 1328 1438 1388 φαινο·

325 1403 437 1486 μένην,
469 1402 553 1488 αὐτῷ
573 1427 608 1487 γε
629 1412 673 1491 τηῑ
695 1411 792 1490 μισεῖν
817 1407 833 1470 ό
854 1408 994 1472 τοιοῦτος
1016 1401 1133 1470 δεικνῦς
1155 1405 1197 1470 ὡς
1218 1403 1381 1484 ἀναγκαῖον
1403 1405 1437 1466 τό

322 1499 557 1583 παρακείμενον.
602 1501 761 1587 ἄνθρωποι
784 1502 842 1587 γὰρ
869 1504 947 1587 πρὸς
968 1501 1020 1584 τήν
1044 1499 1122 1564 κατὰ
1143 1498 1220 1562 θεοῦ
1246 1500 1343 1584 λήθην
1367 1499 1438 1584 πρό-

322 1619 423 1682 χειροι
449 1599 664 1682 τυγχάνοντες,
695 1601 723 1663 εί
752 1599 847 1683 μηδὲν
869 1598 952 1670 ἀξιον
977 1598 1066 1667 δέους
1090 1594 1274 1682 φαινόμενον
1299 1597 1382 1683 εἶχον
1407 1599 1438 1661 ἐν

324 1696 522 1779 δημιουργίᾳ,
553 1695 647 1759 πλέον
679 1699 734 1781 μέν
765 1696 801 1759 ἀν
835 1697 1051 1781 ἐχωρίσθησαν
1084 1692 1232 1777 προθέσει
1263 1699 1317 1756 τοῦ
1351 1695 1438 1772 θεοῦ,
1457 1717 1491 1770 10

323 1792 495 1877 ήτιάθησαν
515 1793 550 1856 δέ
573 1793 630 1857 οὐκ
651 1794 799 1878 είιλόγοις,
821 1795 874 1856 ἅτε
897 1795 934 1877 δὴ
956 1793 1006 1856 διὰ
1024 1791 1155 1874 μηδενὸς
1169 1795 1228 1852 τῶν
1244 1791 1439 1874 φαινομένων

325 1889 555 1974 διεγειρόμενοι.
600 1892 629 1954 εί
649 1891 706 1977 γὰρ
730 1894 768 1976 δή
792 1893 843 1955 καὶ
866 1891 1027 1976 πρόσεστιν
1051 1889 1123 1972 ήμῖν
1148 1885 1239 1970 φόσει
1260 1888 1294 1950 τδ
1318 1888 1439 1952 ἐλευθέ-

325 2010 388 2072 ριον
409 1989 487 2072 πρὸς
506 1987 620 2073 αίρεσιν
641 1995 696 2053 τοῦ
719 1991 899 2076 κρείττονος,
923 1987 1005 2051 ἀλλά
1026 2008 1061 2068 γε
1082 1985 1132 2048 διὰ
1156 1986 1311 2070 ῥηστώνης
1328 1985 1441 2069 ῥᾳδίοις

325 2087 368 2154 είς
393 2087 492 2170 λήθην
520 2087 717 2172 ἐμπίπτομεν.
763 2086 866 2151 πολλὰ
896 2086 995 2148 τοίνυν
1026 2084 1104 2147 ἐστὶν
1128 2082 1302 2166 ἀναγκαίοις
1323 2082 1360 2145 τά
1383 2084 1440 2145 διε·

323 2184 463 2268 γείροντα
485 2188 530 2270 τῷ
551 2185 615 2248 δέει
633 2188 711 2268 πρδς
729 2187 781 2250 τόν
803 2185 877 2248 θεὸν
898 2185 949 2248 τδν
969 2181 1118 2267 ἡμέτερον
1142 2179 1305 2264 λογισμόν,
1334 2181 1438 2265 ὥσπερ
1459 2201 1491 2255 15

326 2279 415 2348 αὖθις
442 2281 613 2365 πάμπολλα
640 2282 678 2346 τά
698 2288 838 2346 κινοῦντα
859 2286 966 2344 τοῦτον
990 2280 1040 2343 διὰ
1065 2277 1272 2365 χρηστότητος
1292 2278 1343 2340 καὶ
1367 2278 1440 2340 ἀτο-

325 2380 468 2447 λαόσεονς
495 2378 621 2462 ἀγαθῶν
650 2380 693 2450 είς
713 2382 839 2466 χάριτος
860 2380 1026 2464 όμολογίαν
1050 2382 1104 2442 τοῦ
1128 2378 1327 2461 δημιουργοῦ.
1373 2376 1441 2440 ἑκα-

326 2475 425 2560 τέροις
449 2477 507 2561 ίάρ
528 2477 893 2563 ἀποπαιδαγωγοόμεθα,
923 2477 968 2546 οίς
986 2499 1019 2541 τε
1042 2480 1085 2545 ὡς
1105 2474 1208 2558 ήδέων
1230 2474 1439 2560 ἀπυλαῦοιμεν

326 2575 446 2643 καλοῖς
470 2579 513 2644 ὡς
536 2575 586 2639 διὰ
609 2577 752 2661 φοβερῶν
776 2573 1036 2660 έπιστρεφόμεθα.
1099 2571 1149 2646 δῦ.
1183 2573 1316 2659 φοβερὸν
1341 2573 1440 2636 τοίνυν

327 2675 361 2736 τό
388 2672 491 2756 ἄγριον
518 2673 596 2736 κατὰ
623 2673 730 2756 φῦσιν,
762 2674 798 2737 οὐ
828 2671 974 2755 πονηρόν.
1019 2671 1151 2754 πονηρία
1181 2671 1238 2756 γάρ
1267 2671 1318 2733 καὶ
1348 2669 1492 2743 κακίαρο

328 2772 476 2852 λογισμοῦ
496 2769 611 2845 πάθος,
642 2770 722 2852 ὁρμή
751 2772 786 2833 δέ
809 2771 921 2854 φυσικὴ
945 2770 1027 2832 οῦτοι
1050 2767 1318 2852 κατεσκευασμένη
1342 2769 1443 2852 πάσης

328 2867 426 2934 αἰτίας
451 2867 654 2948 ἀπήλλακται.
697 2867 771 2934 θεός
797 2867 832 2929 δέ
863 2865 1048 2950 φειδόμενος
1076 2864 1248 2948 ἀνθρώπων
1277 2866 1442 2950 πεποίηκεν

328 2964 378 3027 ἵνα
400 2969 445 3049 τῷ
473 2961 538 3026 δέει
562 2968 623 3026 τῶν
650 2962 771 3047 ἀλόγων
800 2967 833 3028 τδ
863 2965 983 3046 λογικόν
1014 2967 1067 3045 τῆς
1093 2961 1323 3045 καλοκαγαθίας
1354 2985 1442 3047 μετα-

329 3061 499 3143 διώξωμεν.
541 3061 594 3123 καί
620 3063 713 3126 κακδν
742 3059 1049 3150 ἐντοότοιςίοῦδέν.
1092 3059 1188 3143 δγάρ
1215 3059 1256 3142 μὴ
1279 3060 1361 3123 οἶδεν
1386 3058 1443 3136 ό,τι

329 3159 425 3233 ἐστίν,
455 3163 523 3225 πῶς
542 3155 636 3220 κακόν
662 3158 739 3222 ἐστιν
747 3182 757 3235 ;
790 3163 833 3228 ὡς
861 3159 922 3244 οὐχ
948 3158 1037 3242 ήττον
1059 3158 1110 3222 καὶ
1133 3157 1234 3225 οῦτοις
1256 3163 1299 3244 τῷ
1321 3157 1443 3242 μανέντι
1460 3177 1494 3231 25

305 3259 379 3322 καὶ
410 3259 427 3320 ὁ
457 3257 527 3340 περὶ
555 3259 609 3338 τῆς
633 3257 741 3326 κακίας
767 3257 862 3341 αὐτῆς
888 3258 938 3340 (ἢν
959 3258 1157 3340 πλασάμενος
1179 3256 1276 3340 ἀρχὴν
1298 3257 1443 3342 ἀγένητον

328 3359 435 3437 καλεῖ)
461 3353 554 3437 λόγος
580 3354 780 3440 διελέγχεται.
821 3356 966 3439 λογισμόν
997 3355 1051 3438 μέν
1079 3353 1136 3439 γὰρ
1160 3353 1239 3440 αὐτή
1263 3357 1315 3417 καὶ
1333 3361 1443 3438 γνῶσιν

329 3455 437 3522 κακίας
465 3453 501 3516 οῦ
533 3453 674 3530 διδωσιν,
705 3452 754 3516 ίνα
783 3454 824 3537 μή
852 3455 904 3517 καὶ
925 3453 1063 3542 τάγαθοῦ
1085 3452 1139 3536 τήν
1163 3450 1303 3536 αἴσθησιν
1328 3452 1446 3537 ἔχουσά

328 3575 364 3634 γε
386 3552 511 3636 εὑρεθῇ.
542 3550 623 3612 οῦτοι
646 3549 704 3633 γὰρ
726 3550 927 3635 ἀποδειχθείη
952 3551 992 3634 μὴ
1016 3549 1094 3614 οῦσα
1117 3550 1218 3614 κακία.
1260 3554 1369 3632 γνῶσις
1387 3548 1444 3634 γὰρ

330 3648 450 3730 ἀγαθοῦ
474 3647 625 3732 μαρτυρία
644 3646 767 3730 φάσεως
790 3645 826 3708 οδ
850 3651 960 3728 κακῆς,
990 3647 1148 3732 ἀλόγιστον
1174 3649 1208 3710 δέ
1231 3648 1282 3710 καὶ
1301 3650 1445 3730 γνώσεως
1461 3659 1497 3714 30

332 3742 446 3830 ἔρημον
472 3744 566 3827 αὐτὴν
597 3743 776 3826 ὁριζόμενος
801 3747 857 3806 τοῦ
885 3743 960 3828 ὅπερ
987 3745 1050 3808 ἐστὶ
1074 3747 1125 3809 καὶ
1150 3745 1226 3829 αὐτὴ
1253 3745 1307 3830 τήν
1335 3749 1445 3828 γνῶσιν

332 3842 426 3925 αὐτὴν
446 3841 633 3926 ἀφαιρεῖται.
668 3842 696 3904 εἰ
716 3840 773 3924 γὰρ
796 3839 940 3924 αἴσθηται
960 3843 1011 3904 καὶ
1030 3848 1093 3928 γνῷ
1113 3843 1318 3927 κακονομένη,
1340 3843 1445 3926 αἰσθή-

332 3963 418 4005 σεται
435 3941 630 4008 πάντοιςτοῦ
649 3938 787 4002 ἐναντίου
807 3937 1034 4022 ἀγαθυνομένη.
1073 3944 1214 4024 φωρᾶται
1232 3940 1289 4025 γάρ
1309 3943 1448 4024 λογισμῷ

331 4041 365 4104 τδ
394 4041 488 4102 κακὸν
519 4043 559 4122 τή
590 4036 733 4121 αἰσθήσει
762 4037 813 4099 καὶ
838 4041 877 4121 τή
900 4034 1073 4120 παραθέσει
1094 4041 1149 4100 τοῦ
1172 4036 1304 4120 ἀγαθοῦ,
1336 4041 1389 4114 ὡς,
1419 4037 1447 4098 εί

333 4137 426 4218 δῆλον
454 4137 588 4221 ὑπάρχοι
615 4133 802 4213 τοόναντίον,
823 4136 996 4219 κατάδηλον
1019 4132 1113 4198 ἔσται.
1153 4132 1281 4219 ἔλεγχος
1304 4134 1361 4218 γάρ
1385 4137 1444 4195 πᾶν
1463 4149 1498 4205 35

334 4232 467 4294 ἐναντίον
496 4233 644 4310 ἐναντίου,
673 4235 785 4315 γνώσει
812 4233 915 4318 μέντοι
937 4233 989 4296 καὶ
1008 4231 1120 4313 κρίσει,
1151 4231 1223 4297 ἀνευ
1247 4232 1282 4294 δέ
1305 4233 1450 4314 γνώσεως

334 4327 497 4412 οὐδέτερον
520 4330 642 4417 θατέριρ
665 4332 770 4416 δῆλον.
813 4331 841 4394 εί
863 4331 962 4394 τοίνυν
984 4330 1035 4393 καὶ
1063 4329 1174 4413 ἑαυτὴν
1198 4329 1304 4412 ἀγνοεῖ
1324 4330 1376 4392 καὶ
1398 4331 1447 4391 λο·

333 4431 433 4510 γισμηῖ
453 4426 494 4509 μὴ
521 4426 635 4509 μέτεισι
655 4431 688 4492 τδ
710 4432 803 4493 κακδν
827 4430 846 4511 ή
869 4428 978 4503 κακία,
1008 4427 1064 4490 οὐκ
1087 4426 1121 4490 ἀν
1145 4426 1191 4512 εἴη
1215 4428 1321 4506 κακία,
1351 4428 1457 4511 μάτηνι

335 4523 363 4586 δ’
386 4523 421 4587 ἀν
446 4524 617 4608 έγκαλοῖτο.
658 4527 809 4610 όμολυγεῖ
827 4528 861 4591 δέ
885 4527 931 4590 ότι
954 4525 1018 4588 ἐστὶ
1040 4527 1187 4608 λογισμοῦ
1210 4525 1301 4589 κακία
1326 4524 1447 4590 ἐλευθε-
