3517 5434
331 703 442 779 Γρηγόρ.
861 689 921 750 104

334 871 438 943 μενοι,
469 858 510 921 δι’
540 857 578 943 ἧς
608 857 625 921 ό
651 852 816 940 ἄνθρωπός
843 852 907 918 ἐστι
938 852 1045 941 σοφός,
1076 853 1127 918 καὶ
1154 851 1244 937 λόγον
1268 852 1386 937 όμοίως
1406 858 1449 938 τῷ

332 955 410 1021 κατά
432 954 594 1042 προφορὰν
611 955 631 1039 ἣ
650 954 786 1017 διάνοιαν
805 951 1021 1036 εἰσηγούμενοι
1038 949 1170 1036 οὐδεμιᾷ
1188 949 1355 1016 ὑποστάσει
1375 950 1449 1014 οῦδέ

334 1052 427 1139 μόνη.
473 1051 706 1137 ἐκκλησιαστικὴ
736 1051 771 1114 δὲ
799 1049 951 1133 ὁμολογία
977 1049 1029 1112 καὶ
1054 1045 1162 1133 κόσμῳ
1185 1046 1335 1132 σωτήριος
1354 1048 1451 1118 πίστις

331 1153 352 1236 η
372 1153 441 1235 περὶ
459 1154 514 1234 τῆς
530 1154 586 1213 τοῦ
604 1147 699 1233 λόγου
720 1148 920 1230 σαρκάσεως,
939 1144 1045 1214 δόντος
1065 1146 1120 1230 μὲν
1141 1145 1252 1212 ἐαυτὸν
1271 1143 1447 1230 ἀνθρωπίνῃ

298 1248 439 1335 όσαρκί,
467 1248 506 1335 ἢν
529 1246 564 1310 ἐκ
588 1243 966 1332 Μαρίαςμπροσελάβετο,
999 1244 1157 1327 μείναντος
1179 1242 1214 1306 δέ
1238 1241 1269 1304 ἐν
1291 1241 1450 1326 ταύτότητι
1560 1253 1565 1264 ’

332 1348 384 1411 καί
416 1345 568 1432 μηδεμίαν
600 1345 687 1408 θείαν
719 1342 912 1429 μετακίνησιν
947 1341 1026 1426 μηδὲ
1056 1339 1222 1403 ἀλλοίωσιν
1255 1339 1450 1417 ὑποστάντος,

334 1443 566 1529 συναιρεθέντος
593 1442 629 1506 δέ
655 1443 732 1528 πρδς
759 1440 813 1524 τὴν
847 1440 946 1524 σάρκα
975 1437 1047 1502 καθ’
1073 1435 1220 1521 ὁμοίωσιν
1245 1437 1450 1523 ἀνθρωπίνην,

335 1543 415 1606 ὥστε
445 1541 498 1625 τὴν
523 1541 622 1624 σάρκα
642 1541 720 1625 πρδς
740 1540 794 1623 τὴν
816 1536 950 1622 θεότητα
974 1534 1144 1619 ἐνωθῆναι,
1174 1538 1227 1618 τῆς
1247 1535 1395 1620 θεότητος
1416 1537 1449 1600 τδ

333 1639 501 1723 παθητικὸν
529 1641 584 1721 τῆς
613 1637 727 1722 σαρκὸς
755 1635 787 1698 ἐν
814 1640 853 1719 τῇ
879 1638 935 1698 τοῦ
965 1633 1143 1719 μυστηρίου·
1155 1634 1314 1718 πληρώσει
1338 1633 1449 1718 ἀνηρη-

285 1747 318 1800 10
335 1736 436 1806 κυίας·
472 1734 548 1820 μετὰ
575 1733 633 1820 γάρ
655 1734 792 1798 θανάτου
813 1732 978 1796 κατάλυσιν
999 1732 1069 1816 περὶ
1090 1730 1143 1814 τἠν
1167 1731 1266 1817 σάρκα
1286 1731 1339 1814 την
1362 1731 1449 1814 ἁγίαν

335 1834 470 1897 ἀπάθεια
490 1833 632 1918 διηνεκὴς
644 1833 696 1896 καὶ
715 1831 863 1917 ἄτρεπτος
883 1827 1049 1905 ἀθανασία,
1072 1827 1299 1913 ἀνειλημμένου
1322 1827 1376 1912 μὲν
1395 1833 1464 1893 τοῦΙ

334 1931 400 1995 κατ’
432 1931 531 2016 ἀρχὴν
558 1929 752 2014 ἀνθρωπίνου
783 1929 918 1993 κάλλους
945 1923 976 1986 ἐν
1005 1927 1122 2008 τῇτῆς
1143 1923 1291 2009 θεότητος
1313 1927 1451 2010 δυνάμει,

334 2027 569 2114 χορηγουμένου
604 2028 639 2091 δέ
671 2027 720 2090 ἐπὶ
751 2027 867 2094 πάντας
899 2023 1083 2106 ἀνθρώπους
1113 2021 1145 2086 ἐν
1176 2027 1216 2106 τῇ
1244 2026 1298 2106 τῆς
1320 2023 1453 2092 πίστεως

336 2127 499 2189 οἰκειώσει.
541 2125 570 2188 εί
600 2125 635 2188 δέ
663 2124 741 2193 τινὲς
764 2123 815 2186 καί
843 2121 978 2185 ἐνταῦθα
998 2119 1271 2205 παραχαράττουσι
1295 2125 1348 2205 τῆν
1372 2121 1451 2206 ἱερα-

285 2234 318 2288 ¹5
337 2223 448 2308 [τικὴ]ν
479 2222 588 2299 πίστιν,
616 2224 700 2308 ἢτῇ
727 2221 851 2305 θεότητι
878 2217 917 2282 τά
947 2219 1126 2303 ἀνθρώπινα
1152 2218 1453 2303 προσιδιοποιοῦντες

291 2348 316 2370 -·
335 2320 508 2406 (προκοπάς
525 2342 559 2383 τε
579 2322 630 2384 καὶ
651 2319 736 2404 πάθη
758 2319 810 2382 καὶ
834 2315 925 2387 δόξαν
948 2316 1001 2400 τὴν
1025 2313 1252 2401 ἐπιγινομένην)
1274 2315 1293 2400 ἢ
1310 2320 1366 2399 τῆς
1383 2314 1451 2379 θεό-

334 2439 424 2502 τητος
444 2417 614 2487 διιστῶντες
634 2417 669 2480 τδ
689 2415 863 2500 προκόπτυν
886 2414 938 2477 καὶ
959 2415 1080 2498 πάσχον
1100 2416 1192 2497 σῶμα
1211 2416 1254 2483 ὡς
1276 2412 1453 2486 ἰδιαζόντως

335 2513 479 2600 θφεστός,
503 2515 555 2578 καί
570 2512 656 2578 οῦτοι
667 2517 722 2597 τῆς
734 2510 1013 2596 ἐκκλησι[α]στικῦης
1031 2512 1083 2574 καὶ
1105 2510 1266 2596 σωίοόσης
1286 2510 1452 2595 ὁμολογίας

336 2610 431 2680 ἐκτός.
475 2610 578 2680 οὐδεὶς
605 2608 659 2674 οῦν
687 2607 813 2672 δόνοται
837 2613 952 2692 γνῶναι
978 2608 1029 2671 τδν
1058 2606 1149 2688 θεόν,
1182 2608 1210 2672 εί
1238 2607 1279 2692 μὴ
1308 2609 1358 2672 τὸν
1386 2608 1450 2672 υἱὸν

283 2721 319 2776 w
337 2707 461 2793 ἐπιγνῷ.
501 2709 596 2794 σοφία
619 2705 677 2791 γάρ
702 2705 780 2770 ἐστὶν
803 2706 821 2770 ό
843 2703 918 2783 υίός,
943 2705 982 2769 δι’
1005 2707 1043 2792 ἧς
1064 2705 1102 2770 τά
1123 2706 1221 2770 πάντα
1243 2705 1389 2771 ἔκτισται·
1403 2701 1452 2772 ’τά

336 2805 372 2868 δὲ
396 2805 545 2888 κτίσματα
570 2805 679 2890 μηνόει
703 2803 757 2889 τὴν
787 2803 898 2890 σοφίαν
927 2805 978 2868 καί
1000 2806 1016 2870 ό
1038 2805 1113 2874 θεδς
1135 2803 1166 2867 ἐν
1189 2810 1229 2890 τῇ
1250 2804 1344 2890 σοφία
1365 2805 1451 2888 γινό-

337 2886 457 2966 σκεται·
489 2902 526 2967 οῦ
547 2902 672 2987 τοιαότη
697 2901 732 2966 δέ
754 2901 773 2984 ἡ
799 2906 853 2965 τοῦ
877 2900 954 2966 θεοῦ
979 2903 1074 2988 σοφία
1097 2900 1163 2965 οίαν
1187 2901 1352 2988 ἄνθρωπος
1374 2900 1451 2988 ἔχει,

336 2998 417 3063 ἀλλά
440 3000 544 3064 τελεία
573 2999 608 3064 ἐκ
632 2999 752 3063 τελείου
774 3002 829 3061 τοῦ
848 2999 927 3064 θεοῦ
948 2999 1148 3084 προελθοῦσα
1167 3000 1219 3063 καί
1242 2997 1378 3083 μένουσα
1402 2997 1452 3064 διά

335 3095 464 3176 παντός,
496 3097 557 3184 οῦχ
583 3100 626 3167 ὡς
652 3095 755 3181 νόημα
785 3096 953 3181 ἀνθρώπου
980 3097 1014 3161 τδ
1038 3095 1271 3182 παρερχόμενον
1292 3098 1344 3161 καὶ
1362 3096 1453 3181 λόγος

284 3211 319 3264 ος
337 3194 530 3278 λαλοόμενος
549 3195 600 3259 καί
619 3195 661 3279 μὴ
685 3194 740 3258 ιῦν.
782 3192 833 3257 διά
853 3200 943 3258 τοῦτο
966 3195 1002 3259 οῦ
1028 3193 1121 3280 μόνον
1147 3194 1210 3258 ἐστὶ
1234 3195 1343 3279 σοφία,
1371 3193 1452 3258 ἀλλὰ

334 3292 386 3356 καὶ
407 3291 492 3369 θεός,
514 3291 590 3356 οῦδέ
611 3291 704 3375 μόνον
727 3290 834 3374 λόγος,
857 3291 939 3356 ἀλλά
959 3293 1011 3356 καὶ
1033 3290 1107 3362 υίός.
1150 3291 1212 3356 εἴτε
1234 3289 1288 3356 οῦν
1311 3293 1372 3356 ἀπὸ
1394 3292 1452 3356 κτί-

336 3392 417 3459 σεάς
438 3410 483 3458 τις
502 3393 570 3452 νοεῖ
586 3390 638 3454 τδν
657 3388 738 3454 θεὸν
750 3388 812 3452 εἴτε
825 3390 859 3453 ἐκ
870 3395 931 3480 τῷν
946 3389 1040 3453 θείων
1053 3393 1180 3476 γραφῦν
1194 3377 1378 3466 διδάσκεται,
1397 3389 1453 3454 οῦκ

335 3485 408 3552 ἀνευ
421 3491 475 3571 τῆς
486 3484 596 3571 σοφίας
608 3485 703 3551 αὐτοῦ
722 3485 794 3572 [θῦ]
813 3492 927 3569 γνῶναι
942 3485 962 3570 ἢ
977 3485 1107 3550 ἀκοῦσαι
1121 3488 1190 3572 περὶ
1204 3487 1299 3552 αὐτοῦ
1315 3486 1451 3567 δόναται,

334 3585 386 3648 καί
415 3585 432 3650 ό
461 3583 704 3668 ἐπικαλούμενος
730 3583 833 3668 ὀρθῶς
852 3583 903 3648 τόν
921 3583 995 3647 θεὸν
1018 3583 1207 3650 ἐπικαλεῖται
1228 3582 1268 3650 δι’
1293 3585 1378 3663 υίοῦ,
1401 3585 1452 3649 καί

282 3681 353 3750 θοό
383 3680 634 3768 προσερχόμενος
663 3682 785 3750 οίκείως
810 3679 862 3744 διά
884 3685 1010 3767 χριστοῦ
1036 3678 1175 3768 όρχεται·
1208 3682 1392 3770 προσελθεῖν
1417 3683 1452 3748 δέ

334 3777 485 3844 ἀδῦνατον
513 3783 558 3864 τῷ
586 3779 645 3865 υίφῖ
671 3780 769 3866 χωρὶς
789 3784 845 3845 τοῦ
867 3778 1056 3864 πνεόματος·
1087 3783 1121 3847 τὸ
1142 3787 1264 3867 πνεῦμα
1285 3779 1343 3866 γάρ
1363 3781 1450 3862 καὶὴ

334 3875 400 3958 ζωὴ
426 3875 478 3939 καί
506 3876 527 3959 ἡ
559 3875 630 3959 ἁγία
657 3876 819 3963 μόρφωσις
845 3882 905 3942 τῶν
932 3877 1030 3942 όλων·
1057 3878 1217 3944 καὶτοῦτο
1245 3877 1409 3963 ἐκπέμπων
1434 3879 1450 3943 ό

333 3971 409 4041 θεὸς
428 3971 468 4035 δι’
491 3972 562 4063 υίοῦ
583 3975 637 4059 τὴν
657 3975 750 4040 κτίσιν
775 3977 882 4060 όμοιοῖ
901 3976 978 4061 πρδς
998 3973 1118 4041 ἐαυτόν.
1168 3976 1212 4046 είς
1233 3973 1287 4040 οῦν
1312 3977 1328 4041 ό
1351 3975 1450 4059 πατὴρ

335 4070 352 4134 ό
374 4067 462 4150 θεός,
493 4070 537 4140 είς
558 4071 660 4141 υίδςό
685 4070 791 4156 λόγος,
813 4072 845 4137 ἐν
868 4077 990 4158 πνεῦμα
1014 4075 1098 4158 ζωή,
1126 4074 1146 4157 ἡ
1169 4073 1323 4158 ἀγιωσόνη
1346 4073 1365 4156 ἡ
1390 4076 1450 4136 τῶν

173 4201 177 4206 -
283 4179 318 4237 ³5
336 4165 430 4231 όλων.
473 4167 525 4232 καὶ
549 4166 622 4233 οῦτε
647 4168 722 4239 θεδς
749 4169 854 4254 ἕτερος
884 4173 927 4240 ὡς
953 4171 1053 4256 πατὴρ
1082 4169 1153 4234 οὔτε
1182 4171 1246 4241 υίδς
1275 4171 1381 4256 ἐτερος
1410 4174 1453 4240 ὡς

243 4326 263 4338 f
336 4262 427 4347 λόγος
455 4263 533 4329 θεοῦ
560 4264 632 4329 οῦτε
655 4270 777 4350 πνεῦμα
805 4266 910 4352 ἕτερον
940 4271 983 4338 ὡς
1012 4270 1164 4341 ίωοποιθν
1192 4269 1244 4332 καὶ
1267 4266 1452 4352 ἀγιασςικόν,

336 4360 408 4424 ἀλλ’
429 4361 458 4425 εί
473 4363 525 4428 καὶ
545 4363 615 4428 θεοὶ
633 4365 686 4429 καὶ
705 4363 767 4428 υίοί
786 4364 838 4428 καὶ
856 4365 1016 4450 πνεύματα
1035 4367 1200 4430 καλοῦνται
1221 4366 1250 4430 οί
1270 4357 1452 4450 ἀγιοι,ὀῦτε

335 4457 509 4543 πνεύματος
525 4461 715 4548 πληροῦνται
740 4459 811 4525 οὔτε
833 4463 1013 4546 όμοιοῦνται
1035 4462 1112 4548 πρδς
1133 4463 1184 4528 τδν
1207 4462 1272 4529 υἱὸν
1293 4465 1344 4528 καὶ
1366 4461 1451 4526 θεόν.

337 4553 391 4620 ἐὰν
418 4554 457 4621 δί
481 4579 525 4628 τις
552 4557 652 4629 οὕτως
679 4557 756 4644 λίγη
788 4560 840 4624 τὸν
870 4560 936 4624 υίδν
966 4558 1045 4626 εἶναι
1072 4559 1146 4626 θεὸν
1177 4562 1221 4631 ὡς
1247 4559 1452 4646 πληρωθέντα
