3517 5434
316 790 320 799 Ι
393 710 430 764 oe
764 711 839 773 Νοῦς
856 713 923 785 πρὸς
938 709 1041 784 Ἑρμῆν.
1334 735 1387 788 cap.
1408 718 1450 770 ll.

394 868 488 932 σεταί
509 886 575 941 τις·
597 862 697 931 τοῦτό
718 869 787 931 έστι
807 867 877 932 πᾶν
900 862 1026 942 ὁθεὸς
1041 867 1194 953 ἐνεργῶν·
1218 863 1291 946 ἡδὲ
1306 872 1451 954 ἐνέργεια

393 978 482 1042 θεοῦ
502 971 641 1058 δύναμις
663 966 747 1042 οὖσα
770 975 1029 1061 ἀνυπέρβλητος,
1050 968 1070 1065 ᾖ
1092 972 1231 1044 orior-rol
1255 975 1451 1065 ἀνθρώπεια

395 1081 470 1152 οὔτε
491 1081 534 1150 τά
553 1087 639 1151 Ιθεῖα
661 1083 874 1174 παραβάλλοι
897 1081 940 1152 ἀν
962 1111 1019 1164 τις.
1065 1084 1127 1166 διό,
1152 1086 1265 1176 Ἑρμῆ,
1287 1090 1449 1172 μηδέποτε
1469 1103 1484 1154 3

395 1198 460 1263 τῶν
481 1194 570 1291 κείνω
592 1193 674 1280 μήτε
696 1199 762 1264 τῶν
783 1191 852 1263 ἀνω
875 1193 994 1282 ὅμοιόν
1016 1223 1048 1264 τι
1069 1195 1175 1289 η’γήση
1197 1200 1244 1282 τῷ
1266 1201 1352 1282 θεῷ,
1381 1203 1449 1266 tori

395 1310 455 1387 τῆς
477 1305 643 1386 ἀληθείας
664 1310 789 1392 ἐκνιεσῇ.
828 1304 922 1374 οὐδὲν
944 1303 1009 1394 γὰρ
1032 1305 1150 1393 ὅμοιον
1171 1311 1218 1393 τῷ
1233 1307 1379 1394 ἀνομοίῳ
1393 1313 1449 1374 καὶ

395 1415 487 1503 μόνῳ
509 1421 565 1484 καί
586 1420 651 1483 ἑνί·
680 1420 738 1482 καὶ
758 1419 841 1502 μηδὲ
862 1413 953 1502 ἀλλῳ
974 1423 1037 1486 τινὶ
1065 1416 1171 1510 η’γήση
1202 1423 1261 1499 τῆς
1283 1416 1448 1504 δυνάμεως
1467 1434 1485 1485 t

395 1535 562 1616 ἐγχωρεῖν·
590 1531 641 1605 τίς
668 1523 732 1614 γάρ
760 1528 832 1612 μετ’
851 1534 974 1595 ἐκεῖνον
1002 1529 1063 1596 ε’ίτε
1092 1527 1156 1609 ζωὴ
1184 1531 1242 1594 καὶ
1269 1526 1447 1594 ἀθανασία

393 1642 449 1705 καὶ
476 1634 646 1724 μεταβολὴ
674 1635 865 1718 νιοιότητοςς
897 1642 929 1705 σι’
963 1642 998 1706 δέ
1026 1639 1126 1718 αὐτὸς
1155 1635 1237 1705 ἀλλο
1265 1635 1446 1720 ποιήσειας

318 1745 321 1757 '
395 1746 436 1816 οά
455 1748 520 1836 γάρ
544 1744 647 1838 ἀργὰς
669 1747 688 1815 ὁ
712 1745 804 1828 θεός,
826 1752 895 1816 ἐπεὶ
916 1747 1027 1816 πάντα
1050 1745 1093 1818 ἀν
1115 1743 1157 1831 ἦν
1180 1747 1282 1837 ἀργοί·
1312 1744 1484 1816 ἀπανταο

394 1856 459 1948 γάρ
480 1857 589 1946 πλήρη
611 1861 672 1926 τοῦ
693 1863 795 1926 θεοῦ·
827 1859 902 1926 ἀλλ’
922 1859 997 1926 οὐδὲ
1018 1867 1053 1928 έν
1076 1865 1121 1945 τῷ
1142 1857 1255 1947 κόσμῳ
1277 1863 1365 1926 ἐστὶν
1387 1859 1448 1944 ἀρ-

393 1974 451 2054 γία
473 1969 623 2055 οὐδαμοῦ
645 1969 719 2038 οὐδὲ
742 1973 777 2036 έν
798 1994 863 2036 τινι
885 1967 983 2055 ἀλλῳ.
1028 1970 1129 2058 ἀργία
1143 1966 1209 2055 γάρ
1224 1966 1332 2056 ὄνομα
1353 1968 1447 2038 κενόν

349 2079 369 2145 6
394 2086 462 2147 έστι
483 2084 539 2147 καὶ
562 2085 621 2148 τοῦ
641 2085 817 2158 ποιοῦντος
837 2083 894 2146 καὶ
916 2084 976 2147 τοῦ
996 2085 1178 2166 γινομένου.
1208 2079 1319 2148 πάντα
1342 2084 1375 2148 δὲ
1398 2085 1446 2150 δεῖ
1464 2097 1499 2148 12

393 2195 552 2274 γίνεσθαι
573 2196 629 2258 καὶ
652 2190 706 2258 ἀεὶ
725 2195 781 2258 καὶ
803 2193 889 2257 καθ’
907 2189 1048 2258 ίκοίοιου
1062 2189 1165 2261 τόπου
1187 2188 1303 2277 ῥοπήν.
1348 2191 1445 2278 ὁγάρ

393 2302 497 2364 ιιοιῶν
514 2307 555 2366 ’έν
575 2295 680 2367 πᾶσίν
701 2309 804 2380 ἐστιν,
827 2300 886 2368 οὐκ
908 2305 943 2368 έν
964 2325 1027 2370 τινι
1049 2304 1233 2389 ἱδρυμένος,
1262 2303 1336 2370 οὐδὲ
1358 2309 1392 2368 έν
1414 2327 1446 2368 τι

393 2412 505 2488 ποιοῦν,
528 2407 624 2476 ἀλλά
637 2407 757 2481 πάντα.
776 2412 778 2415 ’
796 2408 933 2498 δύναμις
954 2407 1019 2498 γάρ
1042 2406 1087 2480 ὢν
1103 2407 1234 2500 ἐνεργὴς
1250 2411 1308 2480 οὐκ
1323 2410 1445 2500 αάτοίρ-
1464 2429 1498 2482 15

393 2544 453 2600 κης
481 2523 550 2588 ἐστὶ
578 2532 647 2599 τοῖς
675 2526 872 2607 γινομένοις,
901 2519 986 2591 ἀλλά
1015 2519 1058 2590 τά
1085 2521 1242 2608 γινόμενα
1270 2522 1326 2592 ἀπ’
1346 2523 1443 2608 αὐτῷ.

393 2635 521 2697 θέασαι
544 2635 578 2698 δὲ
601 2633 646 2698 δι’
665 2637 746 2718 ἐμοῦ
768 2628 826 2699 τὸν
848 2632 974 2719 κόσμον
1001 2634 1213 2720 ὑποκείμενον
1235 2637 1274 2724 τῇ
1297 2637 1339 2726 σῇ
1359 2630 1444 2723 ὄψει,

462 2815 488 2868 3.
506 2817 658 2888 περιβάλλοι
675 2819 707 2869 Α.
796 2816 822 2869 5.
840 2813 926 2885 οῦδὲν]
947 2815 978 2872 ori
995 2821 1061 2871 Patr.
1152 2819 1175 2871 7.
1195 2819 1220 2872 8.
1240 2813 1443 2888 ζωὴ..ἀθανα-

464 2905 512 2955 σία
535 2941 563 2954 ..
583 2903 733 2973 μεταβολὴ]
756 2902 791 2955 ric
814 2903 900 2966 Tied.‚
929 2907 1038 2974 ζωῆς..
1058 2901 1214 2964 ἀθανασίας
1242 2943 1269 2956 ..
1297 2904 1443 2974 μεταβολῆς

462 2986 529 3040 libri.
652 2989 677 3043 8.
699 2995 745 3044 καί
767 3011 818 3043 om.
843 2991 908 3044 Patr.
935 2986 948 3060 ll
1008 3005 1064 3060 post
1088 2988 1153 3043 ἄλλο
1181 2989 1240 3040 libri
1263 2993 1376 3059 rop'etunt
1407 3009 1442 3054 τι,

462 3072 581 3142 expun‘xlt
598 3075 669 3127 Tied.
742 3076 783 3129 ll.
802 3072 863 3130 οῦδὲ
880 3081 906 3129 ίν
924 3097 975 3130 τινι
993 3074 1061 3144 ἄλλῳ
1081 3097 1132 3128 om.
1152 3077 1216 3127 Patr.
1238 3070 1253 3144 Η
1288 3075 1376 3128 καινόν
1389 3074 1443 3125 ΑΒ,

462 3157 505 3209 13.
523 3158 588 3228 ῥοήν
607 3160 637 3222 Β,
656 3159 735 3232 φῦσιν
753 3161 817 3214 Patr.
872 3161 914 3214 ll.
932 3163 957 3214 ίν
975 3161 1012 3228 τι]
1032 3157 1056 3214 ίν
1074 3183 1124 3215 τινι
1144 3163 1188 3213 ΑΒ
1201 3163 1274 3227 Verg.
1324 3161 1365 3213 15.
1385 3155 1443 3224 οὖν]

344 3248 349 3269 ¹
409 3266 412 3269 ·
462 3247 510 3296 aral
527 3244 596 3297 Patr.
643 3258 645 3261 '

391 3395 460 3450 tabit
477 3395 588 3472 aliquis;
605 3397 658 3451 lroo
676 3398 830 3451 uuiversum
849 3394 916 3449 deus
935 3405 1073 3470 operatum
1091 3399 1210 3475 operatio
1229 3405 1316 3450 autem
1335 3394 1379 3449 dei
1397 3413 1444 3469 po-

391 3483 475 3553 tentia
498 3485 590 3538 existit
618 3478 821 3556 insoporabilis,
851 3479 894 3534 cul
916 3499 1002 3555 neque
1025 3481 1137 3538 humana
1160 3500 1247 3554 neque
1266 3478 1353 3533 diviua
1373 3482 1444 3554 quir·

383 3570 461 3646 piam
480 3567 681 3643 comparaverit.
716 3563 792 3630 ideo,
811 3583 827 3618 ο
846 3563 969 3636 Hermos,
989 3588 1074 3643 neque
1092 3567 1236 3620 inferorum
1256 3583 1343 3640 neque
1361 3565 1444 3622 subli-

389 3656 470 3709 mium
495 3648 666 3724 oimilesquid
688 3658 768 3725 putes
791 3670 852 3706 εεεε
874 3651 939 3720 deo,
962 3673 1022 3708 uam
1041 3673 1054 3705 a
1073 3650 1186 3704 veritate
1205 3649 1351 3708 excideres.
1388 3672 1443 3708 nou

390 3741 460 3792 enim
484 3737 572 3793 simile
595 3731 739 3809 quidquam
763 3734 886 3794 dissimili
906 3749 932 3792 et
950 3737 1002 3790 ooli
1021 3745 1049 3790 ot
1067 3735 1128 3800 unl;
1151 3755 1238 3812 nequo
1256 3737 1303 3794 alii
1321 3741 1442 3815 cuiquam

390 3830 469 3898 putor
482 3821 601 3896 potentia
620 3837 668 3873 sua
687 3820 793 3892 cedore;
812 3843 879 3900 quae
902 3823 971 3877 enim
988 3818 1140 3898 pontillum
1152 3823 1205 3877 uita
1219 3833 1246 3878 et
1258 3825 1444 3887 immortalitas¹

391 3917 419 3962 ot
435 3906 546 3962 mutatio
564 3903 716 3979 qualitatis?
734 3909 799 3986 quid
813 3911 884 3965 enim
900 3909 959 3984 ipso
973 3906 1044 3964 aliud
1056 3906 1172 3965 laceret?
1190 3914 1324 3966 nonenim
1338 3913 1441 3966 otiosus

391 3993 526 4057 orturus,
545 3989 761 4070 quandoquidem
779 4005 874 4052 cuncta
893 3993 982 4050 forent
1005 3997 1105 4064 otiosa;
1126 3997 1213 4051 omnia
1232 4015 1344 4070 namquo
1362 3993 1440 4070 plena
1482 4011 1484 4015 ⁴

390 4075 446 4145 dei3
465 4075 514 4130 set
530 4097 617 4154 nequo
639 4082 666 4135 in
689 4081 787 4138 mundo
810 4081 888 4138 ullibi
911 4091 953 4136 εει
975 4083 1058 4136 otium
1076 4101 1161 4156 neque
1180 4083 1211 4144 iu,
1227 4098 1359 4156 quoquam
1379 4077 1440 4136 alio.

390 4163 473 4217 otium
486 4163 555 4218 euim
569 4185 664 4222 nomon
677 4177 720 4223 ost
731 4187 843 4224 vacuum
861 4176 888 4220 et
901 4165 1014 4236 faciente
1026 4177 1053 4222 ot
1066 4187 1097 4222 εο
1117 4164 1189 4242 quod
1207 4163 1245 4218 fit.
1274 4161 1440 4220 ournta'vero

390 4257 498 4325 oportet
520 4248 580 4304 fiori
603 4261 630 4306 et
652 4273 759 4332 semper
782 4263 810 4308 ot
827 4249 974 4307 secundom
995 4251 1049 4307 looi
1073 4259 1199 4306 naturam.
1237 4249 1348 4306 effector
1371 4253 1452 4306 euim

390 4337 418 4393 iu
436 4335 560 4392 omnibus
580 4347 634 4407 est,
656 4360 706 4396 neo
724 4341 752 4394 iu
771 4337 860 4414 aliquo
884 4337 1020 4404 residens,
1038 4355 1125 4412 oeque
1148 4353 1228 4390 unum
1247 4335 1312 4412 quid
1332 4336 1440 4406 faciens,

388 4419 438 4477 red
457 4424 552 4480 omnia.
589 4445 648 4482 urm
669 4445 729 4481 oum
752 4426 789 4480 oit
806 4425 925 4501 potentia
949 4421 1044 4478 efficax
1067 4439 1121 4477 noo
1143 4419 1279 4482 sufficiens
1298 4433 1341 4480 est
1358 4423 1391 4480 ad
1410 4443 1440 4477 oa
