3517 5434
332 760 385 809 cap.
403 740 429 792 Ἃ.
731 736 809 808 λόγος
826 738 980 800 καθολικὸς.
1330 728 1386 792 ’27

333 918 381 960 κει
401 894 467 959 τῶν
489 890 602 973 ὄντων,
624 897 679 960 καὶ
701 890 813 960 πάντα
834 895 950 974 διῆκον
969 895 1097 981 πληροῖ.
1120 890 1180 959 τὸν
1202 885 1261 960 οὖν
1283 889 1387 960 τόπον

305 1050 311 1055 -
334 1012 369 1071 ὲν
390 996 417 1088 ᾧ
437 1001 476 1070 τὸ
498 1007 724 1072 πᾶνικινιῖται
744 1006 776 1070 τί
798 1003 952 1090 sirinnan,-

300 1129 315 1180 ³
395 1115 551 1204 Ἑρμῆς.
593 1112 794 1201 Ἁσώματον,
817 1107 1041 1196 ὦἉσκληπιέ.

396 1223 642 1307 Ἀσκληπιός.
694 1222 741 1292 Τὸ
763 1217 822 1293 οὖν
844 1223 1023 1312 ἀσώματον
1046 1228 1078 1293 τί
1100 1231 1183 1309 ὅστις

396 1324 547 1423 Ἑρμῆς.
592 1341 685 1414 Νοῦς
705 1345 762 1402 καὶ
783 1334 890 1421 λόγος,
913 1333 990 1414 ὅλος
1018 1335 1053 1416 ἐξ
1082 1333 1162 1404 ὅλου
1189 1331 1307 1402 ἑαυτὸν
1329 1341 1386 1421 ἐμ-

300 1463 315 1513 6
332 1454 487 1537 περιέχων
493 1498 501 1527 ,
529 1445 705 1536 ἐλεύθερος
727 1445 880 1533 σώματος
900 1445 1040 1528 παντός,
1061 1444 1224 1530 ἀπλονής,
1247 1441 1388 1527 ἀπαθὴς

334 1558 462 1645 σώματι
482 1563 540 1626 καὶ
567 1556 716 1650 ἀναφής,
736 1555 846 1637 αὐτὸς
872 1565 909 1625 ὲν
936 1563 1041 1644 ἑαυτῷ
1068 1556 1182 1638 ἑστώς,
1207 1553 1389 1645 χωρητικὸς

335 1675 400 1737 τῶν
421 1667 555 1738 πάντων
577 1674 634 1738 καὶ
656 1667 817 1759 σωτήριος
838 1673 903 1737 τῶν
925 1665 1045 1749 ὅντων,
1068 1661 1107 1738 οὗ
1130 1665 1237 1754 ὥσπερ
1259 1667 1387 1746 ἀκτῖνές

302 1788 396 1848 θελοι
417 1775 456 1847 τὸ
480 1780 627 1866 ἀγαθόν,
648 1780 670 1861 ἡ
694 1777 851 1862 ἀλήθεια,
874 1776 913 1846 τὸ
935 1777 1117 1870 ἀρχέτυπον
1140 1783 1219 1873 φῶς,
1240 1775 1279 1847 τὸ
1295 1779 1387 1870 ἀρχέ-

333 1915 437 1958 τυπον
458 1894 518 1971 τῆς
538 1894 655 1977 ψυχῆς.

397 1998 649 2082 Ἀσκληπιός.
691 1999 730 2066 Ὁ
751 1991 811 2067 οὖν
831 1995 916 2078 θεὸς
937 2003 970 2066 τί
991 2007 1096 2087 ὲστινς

284 2129 317 2180 12
398 2111 553 2200 Ἑρμῆς.
591 2111 629 2178 ‘0
649 2115 731 2198 μηδὲ
753 2113 789 2176 ἓν
811 2107 935 2177 τούτων
956 2109 1119 2202 ὑπάρχων,
1141 2109 1186 2181 ὢν
1209 2115 1244 2180 δὲ
1258 2115 1313 2178 καὶ
1327 2114 1388 2178 τοῦ

335 2221 418 2290 εἶναι
438 2220 567 2301 τούτοις
588 2224 701 2304 αἴτιος,
722 2225 780 2288 κοιλ
799 2225 884 2288 πᾶσι
905 2225 961 2289 καὶ
983 2227 1032 2292 ἑνὶ
1053 2221 1180 2310 ἑκάστῳ
1201 2227 1267 2291 τῶν
1283 2219 1387 2291 ὅντων

332 2331 474 2402 πάντων.
498 2331 572 2400 οὐδὲ
592 2328 657 2420 γὰρ
680 2331 775 2400 οὸδὲν
794 2331 928 2400 ὑπέλιπε
949 2337 1050 2402 πλέον
1071 2330 1110 2403 τὸ
1131 2331 1178 2424 μὴ
1201 2331 1253 2403 ὅν·
1276 2332 1387 2404 πάντα
1413 2345 1453 2414 13

283 2456 317 2506 15
333 2447 369 2511 δέ
390 2451 460 2513 ἐστι
480 2439 523 2510 τὰ
538 2449 652 2512 ἐκτῶν
667 2440 771 2512 ὅντων
792 2441 957 2530 γινόμενα,
980 2445 1053 2533 οὐχὶ
1075 2453 1109 2514 ἐκ
1130 2451 1196 2515 τῶν
1210 2443 1257 2534 μὴ
1272 2443 1386 2515 ὅντων.

334 2697 342 2704 ,
401 2650 428 2700 2.
446 2651 475 2700 a!
491 2667 542 2699 orn.
560 2647 632 2698 stob.
677 2645 703 2698 5.
721 2647 768 2698 κοιλ
783 2642 871 2714 λόγος]
891 2665 941 2698 orn.
960 2649 1030 2701 stob.
1051 2642 1065 2716 ΙΙ
1104 2644 1163 2708 ὅλος
1180 2647 1287 2703 οω.ΑΒ
1306 2648 1385 2700 Turn.

404 2733 484 2785 Fluss.
505 2727 519 2800 ΙΙ
556 2729 631 2798 ὅλον]
650 2728 716 2784 ὅλοιν
733 2731 764 2782 Β.
826 2732 849 2784 7.
869 2729 974 2800 σώματι
990 2733 1206 2788 orn.St0b.Pntr.
1220 2729 1233 2803 ss
1271 2729 1386 2804 ἇναφής]

405 2813 588 2886 οἶφοινὴςδῑολ).
616 2816 682 2868 Patr.
693 2811 706 2883 ΙΙ
726 2814 837 2883 ἑστηκώς
854 2817 925 2868 Stob.
946 2812 959 2885 Η
987 2820 1255 2890 σννχορητικὸςδῑολ).
1309 2819 1334 2872 8.
1355 2811 1387 2872 οὗ

404 2893 501 2970 ὥσπερ]
521 2892 602 2969 οὗπερ
622 2900 668 2950 ΑΒ
686 2901 765 2952 Turn.
783 2899 867 2952 Finsa.
907 2900 932 2950 9.
953 2901 1015 2970 φῶς]
1035 2903 1183 2971 πνεύματος
1202 2906 1273 2957 ὃιολ).
1298 2905 1340 2956 ll.
1359 2907 1388 2956 τί

405 3006 456 3037 orn.
477 2985 521 3035 ΑΒ
540 2985 619 3035 Turn.
638 2984 719 3035 Fluss.
790 2983 833 3034 13.
851 2979 968 3049 τούτοις]
986 2983 1087 3037 τούτων
1105 2985 1152 3036 ΑΒ
1172 2987 1250 3039 Turn.
1269 2989 1350 3040 Fluaa.
1370 2984 1385 3058 ΙΙ

406 3068 453 3136 ἑνὶ]
471 3073 513 3122 ἐπὶ
528 3070 575 3121 ΑΒ
592 3069 672 3120 Turn.
690 3069 787 3129 Fines„
809 3083 833 3119 et
849 3083 905 3138 post
923 3066 1023 3136 ἑκάστῳ
1046 3070 1102 3122 add.
1125 3077 1195 3144 μέρει
1213 3072 1258 3144 ἐφ’
1274 3074 1385 3128 ἕκαστον

405 3153 517 3209 τούτων.
529 3151 544 3225 H
562 3169 618 3224 post
637 3151 719 3208 ὄντων
737 3153 906 3208 ἆοιίπῐῑδιολι.
944 3155 986 3208 li.
1005 3153 1111 3208 πάντων
1128 3177 1179 3209 om.
1198 3157 1263 3210 Patr.
1275 3155 1288 3228 Η
1310 3163 1387 3214 πλέον

405 3262 456 3294 om.
474 3241 540 3294 Patr.
561 3235 575 3309 ΙΙ
611 3242 661 3293 τοῦ
677 3240 716 3310 μὴ
734 3235 811 3300 ὄντος
826 3240 857 3291 B.

336 3438 465 3496 peragens
483 3418 586 3496 implet.
603 3417 693 3474 laeam
711 3436 788 3493 ergo,
811 3418 840 3472 in
858 3436 912 3493 qno
930 3420 1084 3476 universnm
1105 3429 1240 3490 movetur,
1263 3421 1329 3500 qnid
1347 3421 1388 3480 di·

336 3507 442 3562 cemus?

387 3591 480 3647 Herm
522 3591 723 3668 incorporeum,
742 3609 758 3645 o
776 3588 896 3667 Asclepi.

388 3675 475 3731 Asel.
510 3676 700 3753 incorporeum
716 3677 798 3750 igitur
816 3675 881 3750 qnid
899 3678 956 3732 est?

388 3759 493 3816 Herm.
526 3761 603 3817 ilens
627 3771 655 3816 et
672 3764 754 3829 ratio,
776 3771 834 3816 teta
856 3782 890 3816 ex
912 3771 970 3818 toto
993 3765 1126 3840 seipsam
1149 3761 1386 3841 comprehendens,

335 3845 419 3900 libera
436 3845 471 3901 ab
489 3848 560 3900 omni
579 3866 701 3923 corpore,
719 3845 880 3915 inerrabilis,
897 3847 1071 3925 impassibilia
1089 3871 1104 3904 a
1121 3867 1243 3926 corpore,
1262 3869 1318 3905 nnn
1334 3859 1388 3906 ira·
1481 3849 1484 3857 ⁴

335 3931 451 4000 stabilis,
468 3933 529 4008 ipsa
545 3934 573 3987 in
591 3952 622 3986 se
639 3933 699 4008 ipsa
716 3952 834 4000 manem,
852 3954 936 4010 capax
952 3937 1077 4004 omnium,
1096 3944 1124 3991 ei
1135 3937 1266 3992 servatrix
1278 3937 1386 4004 entium,

335 4019 412 4073 cuins
429 4016 513 4073 relnii
531 4016 599 4072 radii
621 4027 686 4072 snnt
706 4019 795 4096 ipsum
812 4021 925 4088 bonnm,
949 4021 1007 4098 ipsa
1025 4023 1137 4089 veritas,
1160 4023 1218 4098 ipsa
1241 4020 1386 4098 archetypa

335 4101 390 4170 lnx,
407 4102 582 4181 archetypum
598 4105 709 4160 animae.

387 4188 476 4244 Asel.
512 4191 588 4246 Dens
604 4211 670 4247 vero
689 4189 815 4266 quidnam
833 4191 892 4246 est?

386 4272 489 4331 Herm.
523 4276 606 4351 Quod
623 4275 691 4332 nihii
707 4276 804 4333 horum
821 4277 921 4344 existit,
939 4279 1058 4334 existens
1070 4287 1158 4334 tamen
1177 4276 1263 4332 ethis
1281 4294 1384 4343 caussa,

337 4366 367 4411 nt
384 4360 453 4427 sint,
476 4370 504 4414 et
521 4362 644 4418 omnibns
662 4371 690 4417 et
707 4365 850 4438 unicnique
871 4363 980 4418 entium.
1004 4361 1072 4420 nihil
1094 4365 1163 4418 enim
1185 4361 1255 4417 nltra
1278 4361 1387 4436 reliquit

337 4442 410 4517 qnod
428 4463 482 4500 nan
500 4447 551 4511 οἷος
574 4449 661 4504 amnia
678 4467 745 4504 vero
767 4458 832 4506 anni
848 4449 933 4515 entia,
956 4467 1023 4524 qnae
1046 4469 1080 4505 ex
1103 4448 1209 4504 entibus
1227 4447 1308 4514 finnt,
1331 4465 1386 4502 non
