<?xml version="1.0" encoding="UTF-8"?>
<!DOCTYPE html PUBLIC "-//W3C//DTD XHTML 1.0 Transitional//EN"
    "http://www.w3.org/TR/xhtml1/DTD/xhtml1-transitional.dtd">
<html xmlns="http://www.w3.org/1999/xhtml" xml:lang="en" lang="en">
 <head>
  <title>
</title>
<meta http-equiv="Content-Type" content="text/html;charset=utf-8" />
  <meta name='ocr-system' content='tesseract 3.04.00' />
  <meta name='ocr-capabilities' content='ocr_page ocr_carea ocr_par ocr_line ocrx_word'/>
</head>
<body>
  <div class='ocr_page' id='page_1' title='image "./poemander00trisgoog_0075.png"; bbox 0 0 3517 5434; ppageno 0'>
   <div class='ocr_carea' id='block_1_1' title="bbox 305 703 1363 782">
    <p class='ocr_par' dir='ltr' id='par_1_1' title="bbox 305 703 1363 782">
     <span class='ocr_line' id='line_1_1' title="bbox 305 703 1363 782; baseline -0.002 -18"><span class='ocrx_word' id='word_1_1' title='bbox 305 733 357 782; x_wconf 76' lang='lat' dir='ltr'><strong>esp.</strong></span> <span class='ocrx_word' id='word_1_2' title='bbox 376 713 403 764; x_wconf 87' lang='grc'><strong>6.</strong></span> <span class='ocrx_word' id='word_1_3' title='bbox 542 708 602 764; x_wconf 85' lang='grc' dir='ltr'><strong>Ὅτι</strong></span> <span class='ocrx_word' id='word_1_4' title='bbox 619 714 644 762; x_wconf 79' lang='lat' dir='ltr'><strong>ir</strong></span> <span class='ocrx_word' id='word_1_5' title='bbox 661 709 732 780; x_wconf 78' lang='grc' dir='ltr'><strong>μόνῳ</strong></span> <span class='ocrx_word' id='word_1_6' title='bbox 752 728 787 776; x_wconf 62' lang='grc' dir='ltr'><strong>την</strong></span> <span class='ocrx_word' id='word_1_7' title='bbox 807 705 863 778; x_wconf 73' lang='grc' dir='ltr'><strong>θεῷ</strong></span> <span class='ocrx_word' id='word_1_8' title='bbox 882 708 914 762; x_wconf 84' lang='grc' dir='ltr'><strong>τὸ</strong></span> <span class='ocrx_word' id='word_1_9' title='bbox 933 703 1044 776; x_wconf 71' lang='grc' dir='ltr'><em>ἀγαθόν</em></span> <span class='ocrx_word' id='word_1_10' title='bbox 1061 711 1137 760; x_wconf 67' lang='grc' dir='ltr'><em>ἔστιν.</em></span> <span class='ocrx_word' id='word_1_11' title='bbox 1255 735 1259 744; x_wconf 80' lang='lat'><em>=</em></span> <span class='ocrx_word' id='word_1_12' title='bbox 1328 709 1363 762; x_wconf 78' lang='grc'><strong>49</strong></span> 
     </span>
    </p>
   </div>
   <div class='ocr_carea' id='block_1_2' title="bbox 258 859 1406 2510">
    <p class='ocr_par' dir='ltr' id='par_1_2' title="bbox 258 859 1406 2510">
     <span class='ocr_line' id='line_1_2' title="bbox 304 859 1362 955; baseline -0.003 -22"><span class='ocrx_word' id='word_1_13' title='bbox 304 870 471 955; x_wconf 76' lang='grc' dir='ltr'><em>χορηγοῦν</em></span> <span class='ocrx_word' id='word_1_14' title='bbox 499 863 647 950; x_wconf 77' lang='grc' dir='ltr'><strong>ἀγαθόν.</strong></span> <span class='ocrx_word' id='word_1_15' title='bbox 692 860 776 931; x_wconf 86' lang='grc' dir='ltr'><em>ὅταν</em></span> <span class='ocrx_word' id='word_1_16' title='bbox 805 866 887 949; x_wconf 79' lang='grc' dir='ltr'><strong>λέγω</strong></span> <span class='ocrx_word' id='word_1_17' title='bbox 910 865 966 930; x_wconf 88' lang='grc' dir='ltr'><strong>καὶ</strong></span> <span class='ocrx_word' id='word_1_18' title='bbox 986 859 1125 941; x_wconf 78' lang='grc' dir='ltr'><em>πάντας,</em></span> <span class='ocrx_word' id='word_1_19' title='bbox 1149 859 1201 928; x_wconf 81' lang='grc' dir='ltr'><strong>ἀεὶ</strong></span> <span class='ocrx_word' id='word_1_20' title='bbox 1223 860 1362 947; x_wconf 75' lang='grc' dir='ltr'><em>ἀγαθόν</em></span> 
     </span>
     <span class='ocr_line' id='line_1_3' title="bbox 307 969 1361 1064; baseline -0.005 -20"><span class='ocrx_word' id='word_1_21' title='bbox 307 985 383 1044; x_wconf 82' lang='grc' dir='ltr'><em>ἐστι.</em></span> <span class='ocrx_word' id='word_1_22' title='bbox 428 980 584 1045; x_wconf 82' lang='grc' dir='ltr'><em>τοῦτοδὲ</em></span> <span class='ocrx_word' id='word_1_23' title='bbox 613 975 722 1043; x_wconf 82' lang='grc' dir='ltr'><em>οὐδενὶ</em></span> <span class='ocrx_word' id='word_1_24' title='bbox 751 971 840 1061; x_wconf 79' lang='grc' dir='ltr'><strong><em>ἄλλῳ</em></strong></span> <span class='ocrx_word' id='word_1_25' title='bbox 868 972 1044 1064; x_wconf 85' lang='grc' dir='ltr'><em>πρόσεστιν</em></span> <span class='ocrx_word' id='word_1_26' title='bbox 1073 979 1101 1040; x_wconf 77' lang='grc' dir='ltr'><strong>εὶ</strong></span> <span class='ocrx_word' id='word_1_27' title='bbox 1128 970 1174 1058; x_wconf 87' lang='grc' dir='ltr'><strong>μὴ</strong></span> <span class='ocrx_word' id='word_1_28' title='bbox 1202 969 1293 1058; x_wconf 84' lang='grc' dir='ltr'>μόνῳ</span> <span class='ocrx_word' id='word_1_29' title='bbox 1316 978 1361 1058; x_wconf 82' lang='grc' dir='ltr'><strong>τῷ</strong></span> 
     </span>
     <span class='ocr_line' id='line_1_4' title="bbox 273 1081 1361 1178; baseline 0 -26"><span class='ocrx_word' id='word_1_30' title='bbox 273 1091 389 1174; x_wconf 65' lang='lat' dir='ltr'><strong>ssimi.</strong></span> <span class='ocrx_word' id='word_1_31' title='bbox 434 1084 595 1178; x_wconf 75' lang='grc' dir='ltr'><em>οὔτεγὰρ</em></span> <span class='ocrx_word' id='word_1_32' title='bbox 618 1085 729 1168; x_wconf 79' lang='grc' dir='ltr'><em>ἐνδεής</em></span> <span class='ocrx_word' id='word_1_33' title='bbox 751 1091 820 1153; x_wconf 78' lang='grc' dir='ltr'><em>ἐστί</em></span> <span class='ocrx_word' id='word_1_34' title='bbox 842 1111 945 1168; x_wconf 85' lang='grc' dir='ltr'><em>τινος,</em></span> <span class='ocrx_word' id='word_1_35' title='bbox 968 1091 1024 1154; x_wconf 88' lang='grc' dir='ltr'><strong>ἴνα</strong></span> <span class='ocrx_word' id='word_1_36' title='bbox 1047 1081 1257 1172; x_wconf 80' lang='grc' dir='ltr'><em>ὲτιιθνμήσας</em></span> <span class='ocrx_word' id='word_1_37' title='bbox 1280 1082 1361 1152; x_wconf 81' lang='grc' dir='ltr'><em>αὐτὸ</em></span> 
     </span>
     <span class='ocr_line' id='line_1_5' title="bbox 306 1193 1362 1286; baseline 0 -22"><span class='ocrx_word' id='word_1_38' title='bbox 306 1197 501 1281; x_wconf 76' lang='grc' dir='ltr'><em>κτήσασθαι</em></span> <span class='ocrx_word' id='word_1_39' title='bbox 527 1195 627 1278; x_wconf 82' lang='grc' dir='ltr'><em>κακὸς</em></span> <span class='ocrx_word' id='word_1_40' title='bbox 648 1205 798 1286; x_wconf 77' lang='grc' dir='ltr'><em>γένηται·</em></span> <span class='ocrx_word' id='word_1_41' title='bbox 828 1197 903 1266; x_wconf 77' lang='grc' dir='ltr'><em>οὐδὲ</em></span> <span class='ocrx_word' id='word_1_42' title='bbox 931 1201 997 1266; x_wconf 76' lang='grc' dir='ltr'><strong>τῶν</strong></span> <span class='ocrx_word' id='word_1_43' title='bbox 1026 1193 1131 1264; x_wconf 79' lang='grc' dir='ltr'><em>ὄντων</em></span> <span class='ocrx_word' id='word_1_44' title='bbox 1160 1196 1255 1264; x_wconf 81' lang='grc' dir='ltr'><em>οὐδὲν</em></span> <span class='ocrx_word' id='word_1_45' title='bbox 1277 1194 1362 1264; x_wconf 85' lang='grc' dir='ltr'><em>σἰιιό-</em></span> 
     </span>
     <span class='ocr_line' id='line_1_6' title="bbox 306 1306 1362 1398; baseline -0.004 -20"><span class='ocrx_word' id='word_1_46' title='bbox 306 1308 431 1394; x_wconf 77' lang='grc' dir='ltr'><em>βλητον</em></span> <span class='ocrx_word' id='word_1_47' title='bbox 446 1318 534 1378; x_wconf 77' lang='grc' dir='ltr'><em>ἐστιν</em></span> <span class='ocrx_word' id='word_1_48' title='bbox 556 1311 656 1397; x_wconf 73' lang='grc' dir='ltr'><em>αὐτῷ,</em></span> <span class='ocrx_word' id='word_1_49' title='bbox 679 1307 698 1378; x_wconf 82' lang='grc' dir='ltr'>ὃ</span> <span class='ocrx_word' id='word_1_50' title='bbox 721 1308 902 1398; x_wconf 76' lang='grc' dir='ltr'><em>ἀποβαλών</em></span> <span class='ocrx_word' id='word_1_51' title='bbox 925 1307 1165 1392; x_wconf 78' lang='grc' dir='ltr'><em>λατιηθήσεται.</em></span> <span class='ocrx_word' id='word_1_52' title='bbox 1189 1306 1279 1389; x_wconf 81' lang='grc' dir='ltr'><strong><em>λύπη</em></strong></span> <span class='ocrx_word' id='word_1_53' title='bbox 1297 1308 1362 1396; x_wconf 76' lang='grc' dir='ltr'><strong>γὰρ</strong></span> 
     </span>
     <span class='ocr_line' id='line_1_7' title="bbox 273 1413 1364 1513; baseline -0.001 -26"><span class='ocrx_word' id='word_1_54' title='bbox 273 1427 423 1502; x_wconf 81' lang='grc' dir='ltr'><em>6κακίας</em></span> <span class='ocrx_word' id='word_1_55' title='bbox 450 1428 558 1513; x_wconf 76' lang='grc' dir='ltr'><em>μέρος.</em></span> <span class='ocrx_word' id='word_1_56' title='bbox 604 1418 678 1490; x_wconf 79' lang='grc' dir='ltr'><em>οὕτε</em></span> <span class='ocrx_word' id='word_1_57' title='bbox 706 1432 854 1512; x_wconf 87' lang='grc' dir='ltr'><em>κρεῖττον</em></span> <span class='ocrx_word' id='word_1_58' title='bbox 884 1421 988 1488; x_wconf 82' lang='grc' dir='ltr'><em>αὐτοῦ</em></span> <span class='ocrx_word' id='word_1_59' title='bbox 1016 1428 1104 1490; x_wconf 76' lang='grc' dir='ltr'><em>ἐστιν</em></span> <span class='ocrx_word' id='word_1_60' title='bbox 1127 1419 1222 1488; x_wconf 79' lang='grc' dir='ltr'><em>οὐδὲν</em></span> <span class='ocrx_word' id='word_1_61' title='bbox 1243 1420 1303 1510; x_wconf 86' lang='grc' dir='ltr'><strong>ὑφ’</strong></span> <span class='ocrx_word' id='word_1_62' title='bbox 1324 1413 1364 1487; x_wconf 80' lang='grc' dir='ltr'><strong>οὗ</strong></span> 
     </span>
     <span class='ocr_line' id='line_1_8' title="bbox 306 1530 1362 1621; baseline -0.002 -21"><span class='ocrx_word' id='word_1_63' title='bbox 306 1532 594 1621; x_wconf 77' lang='grc' dir='ltr'><em>πολεμηθήσεται,</em></span> <span class='ocrx_word' id='word_1_64' title='bbox 623 1533 698 1602; x_wconf 75' lang='grc' dir='ltr'><em>οὐδὲ</em></span> <span class='ocrx_word' id='word_1_65' title='bbox 726 1530 865 1618; x_wconf 76' lang='grc' dir='ltr'><em>σύζνγόν</em></span> <span class='ocrx_word' id='word_1_66' title='bbox 894 1540 983 1600; x_wconf 74' lang='grc' dir='ltr'><em>ἐστιν</em></span> <span class='ocrx_word' id='word_1_67' title='bbox 1009 1531 1100 1617; x_wconf 74' lang='grc' dir='ltr'><em>αὐτῷ</em></span> <span class='ocrx_word' id='word_1_68' title='bbox 1122 1539 1166 1610; x_wconf 84' lang='grc' dir='ltr'><strong>εὶς</strong></span> <span class='ocrx_word' id='word_1_69' title='bbox 1188 1532 1226 1598; x_wconf 86' lang='grc' dir='ltr'><strong>τὸ</strong></span> <span class='ocrx_word' id='word_1_70' title='bbox 1249 1531 1362 1613; x_wconf 82' lang='grc' dir='ltr'><em>ἀδικη-</em></span> 
     </span>
     <span class='ocr_line' id='line_1_9' title="bbox 308 1637 1362 1731; baseline -0.002 -21"><span class='ocrx_word' id='word_1_71' title='bbox 308 1648 431 1727; x_wconf 80' lang='grc' dir='ltr'><em>θῆναι·</em></span> <span class='ocrx_word' id='word_1_72' title='bbox 467 1648 524 1712; x_wconf 87' lang='grc' dir='ltr'><strong>καὶ</strong></span> <span class='ocrx_word' id='word_1_73' title='bbox 553 1641 609 1712; x_wconf 73' lang='grc' dir='ltr'><strong>διὰ</strong></span> <span class='ocrx_word' id='word_1_74' title='bbox 641 1650 739 1712; x_wconf 84' lang='grc' dir='ltr'><em>τοῦτο</em></span> <span class='ocrx_word' id='word_1_75' title='bbox 769 1645 873 1712; x_wconf 82' lang='grc' dir='ltr'><em>αὐτοῦ</em></span> <span class='ocrx_word' id='word_1_76' title='bbox 900 1641 1141 1731; x_wconf 72' lang='grc' dir='ltr'><em>ὲρασθήσεται·</em></span> <span class='ocrx_word' id='word_1_77' title='bbox 1178 1637 1251 1710; x_wconf 75' lang='grc' dir='ltr'><em>οὔτε</em></span> <span class='ocrx_word' id='word_1_78' title='bbox 1280 1640 1362 1724; x_wconf 82' lang='grc' dir='ltr'><em>ἀνή-</em></span> 
     </span>
     <span class='ocr_line' id='line_1_10' title="bbox 273 1749 1229 1846; baseline 0 -26"><span class='ocrx_word' id='word_1_79' title='bbox 273 1769 387 1823; x_wconf 80' lang='grc' dir='ltr'><em>9κοον</em></span> <span class='ocrx_word' id='word_1_80' title='bbox 409 1749 435 1840; x_wconf 80' lang='grc' dir='ltr'><em>ᾧ</em></span> <span class='ocrx_word' id='word_1_81' title='bbox 459 1753 708 1845; x_wconf 74' lang='grc' dir='ltr'><em>ὀργισθήσεται,</em></span> <span class='ocrx_word' id='word_1_82' title='bbox 731 1752 805 1822; x_wconf 81' lang='grc' dir='ltr'><em>οὕτε</em></span> <span class='ocrx_word' id='word_1_83' title='bbox 827 1751 1019 1846; x_wconf 81' lang='grc' dir='ltr'><em>σοφώτερον</em></span> <span class='ocrx_word' id='word_1_84' title='bbox 1043 1751 1062 1822; x_wconf 87' lang='grc' dir='ltr'>ὃ</span> <span class='ocrx_word' id='word_1_85' title='bbox 1085 1751 1229 1837; x_wconf 79' lang='grc' dir='ltr'><em>ζηλώσει.</em></span> 
     </span>
     <span class='ocr_line' id='line_1_11' title="bbox 380 1851 1406 1956; baseline -0.002 -24"><span class='ocrx_word' id='word_1_86' title='bbox 380 1864 515 1932; x_wconf 81' lang='grc' dir='ltr'><em>Τούτων</em></span> <span class='ocrx_word' id='word_1_87' title='bbox 536 1869 572 1932; x_wconf 80' lang='grc' dir='ltr'><strong>δὲ</strong></span> <span class='ocrx_word' id='word_1_88' title='bbox 595 1865 641 1952; x_wconf 84' lang='grc' dir='ltr'><strong>μὴ</strong></span> <span class='ocrx_word' id='word_1_89' title='bbox 665 1862 770 1932; x_wconf 86' lang='grc' dir='ltr'><em>ὄντων</em></span> <span class='ocrx_word' id='word_1_90' title='bbox 792 1872 827 1932; x_wconf 77' lang='grc' dir='ltr'><strong>ἐν</strong></span> <span class='ocrx_word' id='word_1_91' title='bbox 849 1868 888 1956; x_wconf 79' lang='grc' dir='ltr'><strong>τῇ</strong></span> <span class='ocrx_word' id='word_1_92' title='bbox 911 1865 1010 1952; x_wconf 73' lang='grc' dir='ltr'><em>οὐσίᾳ</em></span> <span class='ocrx_word' id='word_1_93' title='bbox 1033 1866 1150 1947; x_wconf 80' lang='grc' dir='ltr'><em>αὐτοῦ,</em></span> <span class='ocrx_word' id='word_1_94' title='bbox 1178 1868 1211 1932; x_wconf 79' lang='grc' dir='ltr'><strong>τί</strong></span> <span class='ocrx_word' id='word_1_95' title='bbox 1232 1851 1362 1931; x_wconf 72' lang='lat' dir='ltr'><strong>inuisi·</strong></span> <span class='ocrx_word' id='word_1_96' title='bbox 1386 1873 1406 1938; x_wconf 85' lang='lat'>2</span> 
     </span>
     <span class='ocr_line' id='line_1_12' title="bbox 308 1973 1363 2066; baseline 0 -22"><span class='ocrx_word' id='word_1_97' title='bbox 308 2003 405 2044; x_wconf 86' lang='grc' dir='ltr'><em>τιεται</em></span> <span class='ocrx_word' id='word_1_98' title='bbox 425 1973 447 2058; x_wconf 77' lang='grc' dir='ltr'><strong><em>ἢ</em></strong></span> <span class='ocrx_word' id='word_1_99' title='bbox 469 1974 573 2062; x_wconf 83' lang='grc' dir='ltr'><em>μόνον</em></span> <span class='ocrx_word' id='word_1_100' title='bbox 595 1973 634 2042; x_wconf 82' lang='grc' dir='ltr'><strong>τὸ</strong></span> <span class='ocrx_word' id='word_1_101' title='bbox 656 1974 810 2061; x_wconf 70' lang='grc' dir='ltr'><em>ἀγαθόν,</em></span> <span class='ocrx_word' id='word_1_102' title='bbox 833 1973 941 2065; x_wconf 77' lang='grc' dir='ltr'><em>ὥσπερ</em></span> <span class='ocrx_word' id='word_1_103' title='bbox 964 1973 1028 2066; x_wconf 77' lang='grc' dir='ltr'><strong>γὰρ</strong></span> <span class='ocrx_word' id='word_1_104' title='bbox 1051 1975 1146 2044; x_wconf 81' lang='grc' dir='ltr'><em>οὐδὲν</em></span> <span class='ocrx_word' id='word_1_105' title='bbox 1167 1979 1233 2044; x_wconf 79' lang='grc' dir='ltr'><strong>τῶν</strong></span> <span class='ocrx_word' id='word_1_106' title='bbox 1254 1979 1363 2044; x_wconf 83' lang='grc' dir='ltr'><em>κακῶν</em></span> 
     </span>
     <span class='ocr_line' id='line_1_13' title="bbox 258 2083 1364 2182; baseline -0.001 -28"><span class='ocrx_word' id='word_1_107' title='bbox 258 2103 290 2154; x_wconf 86' lang='grc'><strong>12</strong></span> <span class='ocrx_word' id='word_1_108' title='bbox 308 2097 344 2157; x_wconf 79' lang='grc' dir='ltr'><strong>ὲν</strong></span> <span class='ocrx_word' id='word_1_109' title='bbox 365 2094 404 2182; x_wconf 78' lang='grc' dir='ltr'><strong>τῇ</strong></span> <span class='ocrx_word' id='word_1_110' title='bbox 427 2084 560 2180; x_wconf 79' lang='grc' dir='ltr'><em>τοιαύτῃ</em></span> <span class='ocrx_word' id='word_1_111' title='bbox 582 2085 688 2172; x_wconf 79' lang='grc' dir='ltr'><em>οὐσία,</em></span> <span class='ocrx_word' id='word_1_112' title='bbox 711 2084 814 2164; x_wconf 81' lang='grc' dir='ltr'><em>οὕτως</em></span> <span class='ocrx_word' id='word_1_113' title='bbox 836 2093 871 2153; x_wconf 81' lang='grc' dir='ltr'><strong>ἐν</strong></span> <span class='ocrx_word' id='word_1_114' title='bbox 887 2085 995 2154; x_wconf 83' lang='grc' dir='ltr'><em>οὐδενὶ</em></span> <span class='ocrx_word' id='word_1_115' title='bbox 1013 2091 1078 2154; x_wconf 84' lang='grc' dir='ltr'><strong>τῶν</strong></span> <span class='ocrx_word' id='word_1_116' title='bbox 1098 2083 1261 2156; x_wconf 74' lang='grc' dir='ltr'><em>ἄλλωντὸ</em></span> <span class='ocrx_word' id='word_1_117' title='bbox 1283 2087 1364 2174; x_wconf 76' lang='grc' dir='ltr'><em>αἰγα-</em></span> 
     </span>
     <span class='ocr_line' id='line_1_14' title="bbox 307 2192 1363 2291; baseline -0.001 -24"><span class='ocrx_word' id='word_1_118' title='bbox 307 2200 377 2269; x_wconf 71' lang='lat' dir='ltr'><strong>uta</strong></span> <span class='ocrx_word' id='word_1_119' title='bbox 392 2197 619 2291; x_wconf 78' lang='grc' dir='ltr'><em>εὑρεθήσεται.</em></span> <span class='ocrx_word' id='word_1_120' title='bbox 642 2205 678 2265; x_wconf 75' lang='grc' dir='ltr'><strong>ἐν</strong></span> <span class='ocrx_word' id='word_1_121' title='bbox 692 2203 775 2265; x_wconf 79' lang='grc' dir='ltr'><em>πᾶσι</em></span> <span class='ocrx_word' id='word_1_122' title='bbox 789 2197 854 2289; x_wconf 75' lang='grc' dir='ltr'><strong>γὰρ</strong></span> <span class='ocrx_word' id='word_1_123' title='bbox 869 2192 913 2266; x_wconf 71' lang='grc' dir='ltr'><strong>τοὶ</strong></span> <span class='ocrx_word' id='word_1_124' title='bbox 928 2195 1014 2266; x_wconf 80' lang='grc' dir='ltr'><em>ἄλλα</em></span> <span class='ocrx_word' id='word_1_125' title='bbox 1029 2197 1141 2267; x_wconf 80' lang='grc' dir='ltr'><em>πάντα</em></span> <span class='ocrx_word' id='word_1_126' title='bbox 1157 2203 1234 2281; x_wconf 81' lang='grc' dir='ltr'><em>ἐστι’,</em></span> <span class='ocrx_word' id='word_1_127' title='bbox 1256 2204 1313 2267; x_wconf 84' lang='grc' dir='ltr'><strong>καὶ</strong></span> <span class='ocrx_word' id='word_1_128' title='bbox 1328 2208 1363 2267; x_wconf 84' lang='grc' dir='ltr'><strong>ὲν</strong></span> 
     </span>
     <span class='ocr_line' id='line_1_15' title="bbox 308 2308 1364 2401; baseline -0.002 -21"><span class='ocrx_word' id='word_1_129' title='bbox 308 2324 377 2391; x_wconf 83' lang='grc' dir='ltr'><em>τοῖς</em></span> <span class='ocrx_word' id='word_1_130' title='bbox 386 2322 515 2401; x_wconf 83' lang='grc' dir='ltr'><em>μικροῖς</em></span> <span class='ocrx_word' id='word_1_131' title='bbox 525 2315 581 2378; x_wconf 86' lang='grc' dir='ltr'><strong>καὶ</strong></span> <span class='ocrx_word' id='word_1_132' title='bbox 593 2318 628 2377; x_wconf 80' lang='grc' dir='ltr'><strong>ἐν</strong></span> <span class='ocrx_word' id='word_1_133' title='bbox 638 2322 709 2390; x_wconf 82' lang='grc' dir='ltr'><em>τοῖς</em></span> <span class='ocrx_word' id='word_1_134' title='bbox 720 2308 875 2398; x_wconf 76' lang='grc' dir='ltr'><em>μεγάλοις</em></span> <span class='ocrx_word' id='word_1_135' title='bbox 890 2315 946 2380; x_wconf 83' lang='grc' dir='ltr'><strong>καὶ</strong></span> <span class='ocrx_word' id='word_1_136' title='bbox 963 2319 1079 2391; x_wconf 79' lang='grc' dir='ltr'><em>ἐντοῖς</em></span> <span class='ocrx_word' id='word_1_137' title='bbox 1093 2312 1179 2380; x_wconf 79' lang='grc' dir='ltr'><em>καθ’</em></span> <span class='ocrx_word' id='word_1_138' title='bbox 1192 2319 1249 2380; x_wconf 73' lang='grc' dir='ltr'><strong>ἕνα</strong></span> <span class='ocrx_word' id='word_1_139' title='bbox 1261 2316 1317 2379; x_wconf 90' lang='grc' dir='ltr'><strong>καὶ</strong></span> <span class='ocrx_word' id='word_1_140' title='bbox 1329 2319 1364 2378; x_wconf 80' lang='grc' dir='ltr'><strong>ἐν</strong></span> 
     </span>
     <span class='ocr_line' id='line_1_16' title="bbox 258 2420 1364 2510; baseline 0.003 -23"><span class='ocrx_word' id='word_1_141' title='bbox 258 2438 290 2488; x_wconf 85' lang='grc'><strong>15</strong></span> <span class='ocrx_word' id='word_1_142' title='bbox 308 2423 411 2510; x_wconf 79' lang='grc' dir='ltr'><em>τούτῳ</em></span> <span class='ocrx_word' id='word_1_143' title='bbox 426 2427 472 2509; x_wconf 78' lang='grc' dir='ltr'><strong>τῷ</strong></span> <span class='ocrx_word' id='word_1_144' title='bbox 487 2420 556 2508; x_wconf 78' lang='grc' dir='ltr'><strong>ζώῳ</strong></span> <span class='ocrx_word' id='word_1_145' title='bbox 573 2427 619 2508; x_wconf 76' lang='grc' dir='ltr'><strong>τῷ</strong></span> <span class='ocrx_word' id='word_1_146' title='bbox 632 2420 766 2490; x_wconf 80' lang='grc' dir='ltr'><em>πάντων</em></span> <span class='ocrx_word' id='word_1_147' title='bbox 780 2426 904 2509; x_wconf 83' lang='grc' dir='ltr'><em>μείζονι</em></span> <span class='ocrx_word' id='word_1_148' title='bbox 919 2428 975 2492; x_wconf 87' lang='grc' dir='ltr'><strong>καὶ</strong></span> <span class='ocrx_word' id='word_1_149' title='bbox 991 2421 1217 2510; x_wconf 79' lang='grc' dir='ltr'><em>δυνατωτάτῳ.</em></span> <span class='ocrx_word' id='word_1_150' title='bbox 1239 2429 1364 2490; x_wconf 79' lang='grc' dir='ltr'><em>παθῶν</em></span> 
     </span>
    </p>
   </div>
   <div class='ocr_carea' id='block_1_3' title="bbox 378 2623 1365 3206">
    <p class='ocr_par' dir='ltr' id='par_1_3' title="bbox 378 2623 1365 3206">
     <span class='ocr_line' id='line_1_17' title="bbox 379 2623 1363 2696; baseline 0 -18"><span class='ocrx_word' id='word_1_151' title='bbox 379 2627 404 2678; x_wconf 87' lang='lat' dir='ltr'><strong>l.</strong></span> <span class='ocrx_word' id='word_1_152' title='bbox 423 2624 538 2692; x_wconf 83' lang='grc' dir='ltr'><em>πάντας]</em></span> <span class='ocrx_word' id='word_1_153' title='bbox 557 2625 592 2677; x_wconf 89' lang='lat' dir='ltr'><strong>sic</strong></span> <span class='ocrx_word' id='word_1_154' title='bbox 610 2627 632 2676; x_wconf 82' lang='lat' dir='ltr'>A</span> <span class='ocrx_word' id='word_1_155' title='bbox 652 2625 726 2690; x_wconf 63' lang='lat' dir='ltr'><strong>Patr„</strong></span> <span class='ocrx_word' id='word_1_156' title='bbox 750 2623 840 2680; x_wconf 76' lang='grc' dir='ltr'><em>πάντα</em></span> <span class='ocrx_word' id='word_1_157' title='bbox 857 2627 892 2690; x_wconf 93' lang='grc' dir='ltr'><strong>Β,</strong></span> <span class='ocrx_word' id='word_1_158' title='bbox 918 2626 1036 2682; x_wconf 76' lang='grc' dir='ltr'><em>πάντοσε</em></span> <span class='ocrx_word' id='word_1_159' title='bbox 1055 2627 1137 2679; x_wconf 84' lang='lat' dir='ltr'><strong>Fluss.</strong></span> <span class='ocrx_word' id='word_1_160' title='bbox 1218 2626 1243 2677; x_wconf 74' lang='grc'><strong>2.</strong></span> <span class='ocrx_word' id='word_1_161' title='bbox 1262 2640 1318 2696; x_wconf 88' lang='lat' dir='ltr'><strong>post</strong></span> <span class='ocrx_word' id='word_1_162' title='bbox 1336 2628 1363 2679; x_wconf 81' lang='grc' dir='ltr'><strong>δὲ</strong></span> 
     </span>
     <span class='ocr_line' id='line_1_18' title="bbox 378 2707 1363 2783; baseline -0.001 -18"><span class='ocrx_word' id='word_1_163' title='bbox 378 2713 424 2766; x_wconf 84' lang='lat' dir='ltr'><strong>AB</strong></span> <span class='ocrx_word' id='word_1_164' title='bbox 443 2713 522 2764; x_wconf 83' lang='lat' dir='ltr'><strong>Turn.</strong></span> <span class='ocrx_word' id='word_1_165' title='bbox 540 2713 622 2763; x_wconf 86' lang='lat' dir='ltr'><strong>Fluss.</strong></span> <span class='ocrx_word' id='word_1_166' title='bbox 641 2713 697 2763; x_wconf 86' lang='lat' dir='ltr'><strong>add.</strong></span> <span class='ocrx_word' id='word_1_167' title='bbox 717 2717 750 2764; x_wconf 76' lang='lat' dir='ltr'><strong>ir.</strong></span> <span class='ocrx_word' id='word_1_168' title='bbox 833 2713 858 2764; x_wconf 75' lang='lat'><strong>4.</strong></span> <span class='ocrx_word' id='word_1_169' title='bbox 878 2713 957 2774; x_wconf 78' lang='grc' dir='ltr'><em>κακὸς</em></span> <span class='ocrx_word' id='word_1_170' title='bbox 976 2718 1092 2783; x_wconf 72' lang='grc' dir='ltr'><em>γένηται·</em></span> <span class='ocrx_word' id='word_1_171' title='bbox 1113 2708 1173 2766; x_wconf 70' lang='grc' dir='ltr'><strong>οὐδὲ</strong></span> <span class='ocrx_word' id='word_1_172' title='bbox 1191 2733 1241 2767; x_wconf 89' lang='lat' dir='ltr'><strong>um.</strong></span> <span class='ocrx_word' id='word_1_173' title='bbox 1262 2712 1327 2766; x_wconf 81' lang='lat' dir='ltr'><strong>Patr.</strong></span> <span class='ocrx_word' id='word_1_174' title='bbox 1349 2707 1363 2780; x_wconf 96' lang='grc' dir='ltr'>Η</span> 
     </span>
     <span class='ocr_line' id='line_1_19' title="bbox 378 2794 1364 2868; baseline 0.001 -19"><span class='ocrx_word' id='word_1_175' title='bbox 378 2813 435 2849; x_wconf 74' lang='lat' dir='ltr'><strong>ente</strong></span> <span class='ocrx_word' id='word_1_176' title='bbox 453 2797 533 2854; x_wconf 81' lang='grc' dir='ltr'><em>κακὸς</em></span> <span class='ocrx_word' id='word_1_177' title='bbox 545 2795 642 2860; x_wconf 80' lang='lat' dir='ltr'><strong>Vergic.</strong></span> <span class='ocrx_word' id='word_1_178' title='bbox 654 2797 736 2847; x_wconf 85' lang='lat' dir='ltr'><strong>Fiuss.</strong></span> <span class='ocrx_word' id='word_1_179' title='bbox 756 2799 813 2848; x_wconf 82' lang='lat' dir='ltr'><strong>add.</strong></span> <span class='ocrx_word' id='word_1_180' title='bbox 827 2801 911 2858; x_wconf 79' lang='grc' dir='ltr'><em>κακῶς</em></span> <span class='ocrx_word' id='word_1_181' title='bbox 929 2805 1052 2868; x_wconf 73' lang='grc' dir='ltr'><em>κέκτηται</em></span> <span class='ocrx_word' id='word_1_182' title='bbox 1069 2801 1122 2852; x_wconf 78' lang='grc' dir='ltr'><strong>καὶ.</strong></span> <span class='ocrx_word' id='word_1_183' title='bbox 1143 2794 1156 2867; x_wconf 96' lang='grc' dir='ltr'>Η</span> <span class='ocrx_word' id='word_1_184' title='bbox 1194 2798 1309 2868; x_wconf 70' lang='grc' dir='ltr'><strong>γένηται]</strong></span> <span class='ocrx_word' id='word_1_185' title='bbox 1329 2799 1364 2850; x_wconf 91' lang='lat' dir='ltr'><strong>sic</strong></span> 
     </span>
     <span class='ocr_line' id='line_1_20' title="bbox 378 2879 1365 2950; baseline 0.001 -16"><span class='ocrx_word' id='word_1_186' title='bbox 378 2884 471 2944; x_wconf 75' lang='lat' dir='ltr'><strong>Fines,</strong></span> <span class='ocrx_word' id='word_1_187' title='bbox 489 2883 611 2946; x_wconf 76' lang='grc' dir='ltr'><em>κέκτηται</em></span> <span class='ocrx_word' id='word_1_188' title='bbox 629 2880 728 2947; x_wconf 86' lang='lat' dir='ltr'><strong>reliqui.</strong></span> <span class='ocrx_word' id='word_1_189' title='bbox 799 2881 824 2932; x_wconf 80' lang='grc'><strong>4.</strong></span> <span class='ocrx_word' id='word_1_190' title='bbox 844 2885 868 2932; x_wconf 88' lang='grc'><strong>5.</strong></span> <span class='ocrx_word' id='word_1_191' title='bbox 889 2879 1057 2950; x_wconf 76' lang='grc' dir='ltr'><em>οἷτιόβλετττὸν</em></span> <span class='ocrx_word' id='word_1_192' title='bbox 1074 2885 1157 2935; x_wconf 86' lang='lat' dir='ltr'><strong>Fluss.</strong></span> <span class='ocrx_word' id='word_1_193' title='bbox 1241 2885 1265 2935; x_wconf 89' lang='grc'><strong>7.</strong></span> <span class='ocrx_word' id='word_1_194' title='bbox 1284 2883 1309 2935; x_wconf 84' lang='grc'><strong>8.</strong></span> <span class='ocrx_word' id='word_1_195' title='bbox 1328 2888 1365 2943; x_wconf 81' lang='grc' dir='ltr'><strong>εἰς</strong></span> 
     </span>
     <span class='ocr_line' id='line_1_21' title="bbox 380 2962 1364 3034; baseline -0.003 -13"><span class='ocrx_word' id='word_1_196' title='bbox 380 2969 412 3021; x_wconf 86' lang='grc' dir='ltr'><strong>τὸ</strong></span> <span class='ocrx_word' id='word_1_197' title='bbox 431 2963 597 3032; x_wconf 72' lang='grc' dir='ltr'><em>ἀδικηθῆναι</em></span> <span class='ocrx_word' id='word_1_198' title='bbox 614 2985 664 3015; x_wconf 83' lang='lat' dir='ltr'><strong>om.</strong></span> <span class='ocrx_word' id='word_1_199' title='bbox 683 2965 749 3015; x_wconf 82' lang='lat' dir='ltr'><strong>Patr.</strong></span> <span class='ocrx_word' id='word_1_200' title='bbox 808 2964 851 3017; x_wconf 84' lang='lat'><strong>10.</strong></span> <span class='ocrx_word' id='word_1_201' title='bbox 869 2964 905 3030; x_wconf 78' lang='lat' dir='ltr'><strong>ia]</strong></span> <span class='ocrx_word' id='word_1_202' title='bbox 925 2965 960 3015; x_wconf 85' lang='lat' dir='ltr'><strong>sic</strong></span> <span class='ocrx_word' id='word_1_203' title='bbox 978 2966 1052 3026; x_wconf 71' lang='lat' dir='ltr'><strong>Pam,</strong></span> <span class='ocrx_word' id='word_1_204' title='bbox 1072 2969 1122 3018; x_wconf 78' lang='lat' dir='ltr'><strong>oin.</strong></span> <span class='ocrx_word' id='word_1_205' title='bbox 1142 2965 1241 3034; x_wconf 82' lang='lat' dir='ltr'>reliqui.</span> <span class='ocrx_word' id='word_1_206' title='bbox 1261 2962 1276 3034; x_wconf 94' lang='grc' dir='ltr'>Η</span> <span class='ocrx_word' id='word_1_207' title='bbox 1314 2963 1364 3018; x_wconf 84' lang='grc' dir='ltr'><strong>αὗ-</strong></span> 
     </span>
     <span class='ocr_line' id='line_1_22' title="bbox 380 3046 1363 3120; baseline -0.004 -14"><span class='ocrx_word' id='word_1_208' title='bbox 380 3051 441 3118; x_wconf 78' lang='grc' dir='ltr'><strong>τοῦ]</strong></span> <span class='ocrx_word' id='word_1_209' title='bbox 461 3046 547 3104; x_wconf 65' lang='lat' dir='ltr'><strong>airon</strong></span> <span class='ocrx_word' id='word_1_210' title='bbox 564 3047 674 3120; x_wconf 76' lang='grc' dir='ltr'><em>μηδενός</em></span> <span class='ocrx_word' id='word_1_211' title='bbox 691 3050 767 3112; x_wconf 66' lang='lat' dir='ltr'><strong>Patr„</strong></span> <span class='ocrx_word' id='word_1_212' title='bbox 784 3047 895 3120; x_wconf 77' lang='grc' dir='ltr'><em>μηδενός</em></span> <span class='ocrx_word' id='word_1_213' title='bbox 917 3049 997 3102; x_wconf 87' lang='lat' dir='ltr'><strong>ceteri.</strong></span> <span class='ocrx_word' id='word_1_214' title='bbox 1078 3051 1118 3102; x_wconf 89' lang='lat' dir='ltr'><strong>ll.</strong></span> <span class='ocrx_word' id='word_1_215' title='bbox 1138 3049 1223 3103; x_wconf 75' lang='grc' dir='ltr'><em>κακῶν</em></span> <span class='ocrx_word' id='word_1_216' title='bbox 1246 3071 1297 3103; x_wconf 85' lang='lat' dir='ltr'><strong>om.</strong></span> <span class='ocrx_word' id='word_1_217' title='bbox 1318 3051 1363 3103; x_wconf 86' lang='lat' dir='ltr'><strong>AB</strong></span> 
     </span>
     <span class='ocr_line' id='line_1_23' title="bbox 380 3130 1244 3206; baseline -0.003 -16"><span class='ocrx_word' id='word_1_218' title='bbox 380 3140 459 3190; x_wconf 85' lang='lat' dir='ltr'><strong>Turn.</strong></span> <span class='ocrx_word' id='word_1_219' title='bbox 533 3137 572 3188; x_wconf 82' lang='grc'><strong>15,</strong></span> <span class='ocrx_word' id='word_1_220' title='bbox 593 3134 690 3204; x_wconf 75' lang='grc' dir='ltr'><em>τοτ’τῳ]</em></span> <span class='ocrx_word' id='word_1_221' title='bbox 709 3137 744 3188; x_wconf 83' lang='lat' dir='ltr'><strong>sic</strong></span> <span class='ocrx_word' id='word_1_222' title='bbox 763 3136 839 3201; x_wconf 66' lang='lat' dir='ltr'><strong>Pate,</strong></span> <span class='ocrx_word' id='word_1_223' title='bbox 858 3130 929 3204; x_wconf 76' lang='grc' dir='ltr'><strong>αὖτῷ</strong></span> <span class='ocrx_word' id='word_1_224' title='bbox 950 3135 1006 3200; x_wconf 80' lang='grc' dir='ltr'><strong>ΑΒ,</strong></span> <span class='ocrx_word' id='word_1_225' title='bbox 1025 3131 1113 3205; x_wconf 82' lang='grc' dir='ltr'><em>ταῧτῷ</em></span> <span class='ocrx_word' id='word_1_226' title='bbox 1131 3135 1244 3206; x_wconf 83' lang='lat' dir='ltr'><strong>reliqui.-</strong></span> 
     </span>
    </p>
   </div>
   <div class='ocr_carea' id='block_1_4' title="bbox 308 3324 1367 4522">
    <p class='ocr_par' dir='ltr' id='par_1_4' title="bbox 308 3324 1367 4071">
     <span class='ocr_line' id='line_1_24' title="bbox 309 3324 1366 3403; baseline 0.002 -23"><span class='ocrx_word' id='word_1_227' title='bbox 309 3328 415 3393; x_wconf 84' lang='lat' dir='ltr'><strong>simam,</strong></span> <span class='ocrx_word' id='word_1_228' title='bbox 437 3326 627 3400; x_wconf 84' lang='lat' dir='ltr'><strong>copiosissime</strong></span> <span class='ocrx_word' id='word_1_229' title='bbox 650 3324 874 3403; x_wconf 83' lang='lat' dir='ltr'><strong>suppeditantem.</strong></span> <span class='ocrx_word' id='word_1_230' title='bbox 915 3342 995 3379; x_wconf 89' lang='lat' dir='ltr'><strong>unum</strong></span> <span class='ocrx_word' id='word_1_231' title='bbox 1022 3332 1110 3378; x_wconf 88' lang='lat' dir='ltr'><strong>autem</strong></span> <span class='ocrx_word' id='word_1_232' title='bbox 1138 3324 1300 3401; x_wconf 84' lang='lat' dir='ltr'><strong>principium</strong></span> <span class='ocrx_word' id='word_1_233' title='bbox 1323 3336 1366 3382; x_wconf 84' lang='lat' dir='ltr'><strong>est</strong></span> 
     </span>
     <span class='ocr_line' id='line_1_25' title="bbox 309 3408 1365 3488; baseline 0.001 -21"><span class='ocrx_word' id='word_1_234' title='bbox 309 3415 434 3468; x_wconf 89' lang='lat' dir='ltr'><strong>emnium.</strong></span> <span class='ocrx_word' id='word_1_235' title='bbox 453 3431 531 3466; x_wconf 89' lang='lat' dir='ltr'><strong>omne</strong></span> <span class='ocrx_word' id='word_1_236' title='bbox 549 3413 620 3467; x_wconf 91' lang='lat' dir='ltr'><strong>enim</strong></span> <span class='ocrx_word' id='word_1_237' title='bbox 638 3410 755 3488; x_wconf 82' lang='lat' dir='ltr'><strong>largiens</strong></span> <span class='ocrx_word' id='word_1_238' title='bbox 772 3412 880 3467; x_wconf 86' lang='lat' dir='ltr'><strong>benum.</strong></span> <span class='ocrx_word' id='word_1_239' title='bbox 912 3408 1019 3484; x_wconf 84' lang='lat' dir='ltr'><strong>quando</strong></span> <span class='ocrx_word' id='word_1_240' title='bbox 1039 3409 1099 3465; x_wconf 85' lang='lat' dir='ltr'><strong>dice</strong></span> <span class='ocrx_word' id='word_1_241' title='bbox 1119 3418 1146 3465; x_wconf 86' lang='lat' dir='ltr'><strong>et</strong></span> <span class='ocrx_word' id='word_1_242' title='bbox 1165 3412 1280 3478; x_wconf 83' lang='lat' dir='ltr'><strong>omniuo,</strong></span> <span class='ocrx_word' id='word_1_243' title='bbox 1298 3433 1365 3468; x_wconf 89' lang='lat' dir='ltr'><strong>sem·</strong></span> 
     </span>
     <span class='ocr_line' id='line_1_26' title="bbox 309 3494 1364 3574; baseline 0.001 -21"><span class='ocrx_word' id='word_1_244' title='bbox 309 3519 358 3574; x_wconf 80' lang='lat' dir='ltr'><strong>pes</strong></span> <span class='ocrx_word' id='word_1_245' title='bbox 375 3499 475 3556; x_wconf 88' lang='lat' dir='ltr'><strong>bonum</strong></span> <span class='ocrx_word' id='word_1_246' title='bbox 493 3507 541 3552; x_wconf 86' lang='lat' dir='ltr'><strong>est.</strong></span> <span class='ocrx_word' id='word_1_247' title='bbox 570 3496 700 3555; x_wconf 75' lang='lat' dir='ltr'><strong>hocsem</strong></span> <span class='ocrx_word' id='word_1_248' title='bbox 717 3497 786 3554; x_wconf 87' lang='lat' dir='ltr'><strong>nulli</strong></span> <span class='ocrx_word' id='word_1_249' title='bbox 803 3497 849 3553; x_wconf 90' lang='lat' dir='ltr'><strong>alii</strong></span> <span class='ocrx_word' id='word_1_250' title='bbox 868 3494 946 3552; x_wconf 81' lang='lat' dir='ltr'><strong>adest</strong></span> <span class='ocrx_word' id='word_1_251' title='bbox 962 3497 1015 3551; x_wconf 85' lang='lat' dir='ltr'><strong>uisi</strong></span> <span class='ocrx_word' id='word_1_252' title='bbox 1033 3495 1086 3553; x_wconf 88' lang='lat' dir='ltr'><strong>seli</strong></span> <span class='ocrx_word' id='word_1_253' title='bbox 1105 3495 1165 3552; x_wconf 81' lang='lat' dir='ltr'><strong>deo.</strong></span> <span class='ocrx_word' id='word_1_254' title='bbox 1195 3501 1364 3572; x_wconf 83' lang='lat' dir='ltr'><strong>nequeenim</strong></span> 
     </span>
     <span class='ocr_line' id='line_1_27' title="bbox 309 3583 1365 3662; baseline -0.001 -22"><span class='ocrx_word' id='word_1_255' title='bbox 309 3584 416 3659; x_wconf 81' lang='lat' dir='ltr'><strong>indigus</strong></span> <span class='ocrx_word' id='word_1_256' title='bbox 440 3594 482 3640; x_wconf 86' lang='lat' dir='ltr'><strong>cst</strong></span> <span class='ocrx_word' id='word_1_257' title='bbox 503 3583 586 3640; x_wconf 85' lang='lat' dir='ltr'><strong>ullius</strong></span> <span class='ocrx_word' id='word_1_258' title='bbox 609 3588 662 3653; x_wconf 85' lang='lat' dir='ltr'><strong>rei,</strong></span> <span class='ocrx_word' id='word_1_259' title='bbox 686 3595 716 3641; x_wconf 87' lang='lat' dir='ltr'><strong>ut</strong></span> <span class='ocrx_word' id='word_1_260' title='bbox 739 3586 935 3662; x_wconf 80' lang='lat' dir='ltr'>concupiscens</span> <span class='ocrx_word' id='word_1_261' title='bbox 959 3603 1016 3638; x_wconf 90' lang='lat' dir='ltr'><strong>eam</strong></span> <span class='ocrx_word' id='word_1_262' title='bbox 1039 3585 1177 3659; x_wconf 80' lang='lat' dir='ltr'>acquirere</span> <span class='ocrx_word' id='word_1_263' title='bbox 1199 3583 1284 3639; x_wconf 89' lang='lat' dir='ltr'><strong>malus</strong></span> <span class='ocrx_word' id='word_1_264' title='bbox 1307 3585 1365 3652; x_wconf 68' lang='grc' dir='ltr'><strong>ἢεί,</strong></span> 
     </span>
     <span class='ocr_line' id='line_1_28' title="bbox 309 3667 1367 3747; baseline 0.001 -23"><span class='ocrx_word' id='word_1_265' title='bbox 309 3690 397 3744; x_wconf 88' lang='lat' dir='ltr'><strong>neque</strong></span> <span class='ocrx_word' id='word_1_266' title='bbox 416 3672 517 3724; x_wconf 87' lang='lat' dir='ltr'><strong>entium</strong></span> <span class='ocrx_word' id='word_1_267' title='bbox 534 3670 618 3726; x_wconf 88' lang='lat' dir='ltr'><strong>ulium</strong></span> <span class='ocrx_word' id='word_1_268' title='bbox 635 3673 766 3726; x_wconf 83' lang='lat' dir='ltr'><strong>amittitur</strong></span> <span class='ocrx_word' id='word_1_269' title='bbox 783 3671 816 3725; x_wconf 87' lang='lat' dir='ltr'><strong>ab</strong></span> <span class='ocrx_word' id='word_1_270' title='bbox 835 3673 906 3747; x_wconf 88' lang='lat' dir='ltr'><strong>ipsu,</strong></span> <span class='ocrx_word' id='word_1_271' title='bbox 926 3669 999 3745; x_wconf 88' lang='lat' dir='ltr'><strong>quod</strong></span> <span class='ocrx_word' id='word_1_272' title='bbox 1017 3672 1142 3725; x_wconf 79' lang='lat' dir='ltr'><strong>emittens</strong></span> <span class='ocrx_word' id='word_1_273' title='bbox 1162 3667 1259 3725; x_wconf 82' lang='lat' dir='ltr'><strong>doleat.</strong></span> <span class='ocrx_word' id='word_1_274' title='bbox 1288 3669 1367 3725; x_wconf 82' lang='lat' dir='ltr'><strong>dolor</strong></span> 
     </span>
     <span class='ocr_line' id='line_1_29' title="bbox 311 3754 1365 3833; baseline 0.001 -22"><span class='ocrx_word' id='word_1_275' title='bbox 311 3758 380 3811; x_wconf 92' lang='lat' dir='ltr'><strong>enim</strong></span> <span class='ocrx_word' id='word_1_276' title='bbox 398 3754 515 3810; x_wconf 76' lang='lat' dir='ltr'><strong>malitiae</strong></span> <span class='ocrx_word' id='word_1_277' title='bbox 534 3765 664 3832; x_wconf 84' lang='lat' dir='ltr'><strong>estpars.</strong></span> <span class='ocrx_word' id='word_1_278' title='bbox 700 3777 788 3832; x_wconf 86' lang='lat' dir='ltr'><strong>neque</strong></span> <span class='ocrx_word' id='word_1_279' title='bbox 810 3757 947 3833; x_wconf 86' lang='lat' dir='ltr'><strong>potentius</strong></span> <span class='ocrx_word' id='word_1_280' title='bbox 966 3758 1026 3832; x_wconf 85' lang='lat' dir='ltr'><strong>ipse</strong></span> <span class='ocrx_word' id='word_1_281' title='bbox 1046 3755 1189 3832; x_wconf 83' lang='lat' dir='ltr'><strong>quidquam</strong></span> <span class='ocrx_word' id='word_1_282' title='bbox 1209 3765 1259 3824; x_wconf 86' lang='lat' dir='ltr'><strong>est,</strong></span> <span class='ocrx_word' id='word_1_283' title='bbox 1279 3777 1292 3810; x_wconf 88' lang='lat' dir='ltr'><strong>a</strong></span> <span class='ocrx_word' id='word_1_284' title='bbox 1312 3777 1365 3832; x_wconf 90' lang='lat' dir='ltr'><strong>quo</strong></span> 
     </span>
     <span class='ocr_line' id='line_1_30' title="bbox 310 3841 1367 3921; baseline 0 -23"><span class='ocrx_word' id='word_1_285' title='bbox 310 3850 488 3919; x_wconf 79' lang='lat' dir='ltr'>oppugnetur,</span> <span class='ocrx_word' id='word_1_286' title='bbox 507 3861 595 3916; x_wconf 86' lang='lat' dir='ltr'><strong>neque</strong></span> <span class='ocrx_word' id='word_1_287' title='bbox 613 3861 720 3916; x_wconf 81' lang='lat' dir='ltr'><strong>compar</strong></span> <span class='ocrx_word' id='word_1_288' title='bbox 738 3852 781 3897; x_wconf 86' lang='lat' dir='ltr'><strong>est</strong></span> <span class='ocrx_word' id='word_1_289' title='bbox 798 3845 831 3907; x_wconf 88' lang='lat' dir='ltr'><strong>ei,</strong></span> <span class='ocrx_word' id='word_1_290' title='bbox 849 3863 863 3896; x_wconf 92' lang='lat' dir='ltr'><strong>a</strong></span> <span class='ocrx_word' id='word_1_291' title='bbox 885 3862 937 3916; x_wconf 90' lang='lat' dir='ltr'><strong>que</strong></span> <span class='ocrx_word' id='word_1_292' title='bbox 957 3841 1116 3898; x_wconf 86' lang='lat' dir='ltr'><strong>contumelia</strong></span> <span class='ocrx_word' id='word_1_293' title='bbox 1134 3842 1205 3898; x_wconf 85' lang='lat' dir='ltr'><strong>affici</strong></span> <span class='ocrx_word' id='word_1_294' title='bbox 1223 3845 1320 3921; x_wconf 80' lang='lat' dir='ltr'><strong>possit,</strong></span> <span class='ocrx_word' id='word_1_295' title='bbox 1340 3853 1367 3898; x_wconf 85' lang='lat' dir='ltr'><strong>et</strong></span> 
     </span>
     <span class='ocr_line' id='line_1_31' title="bbox 309 3927 1366 4004; baseline 0.004 -22"><span class='ocrx_word' id='word_1_296' title='bbox 309 3929 358 3984; x_wconf 88' lang='lat' dir='ltr'><strong>hac</strong></span> <span class='ocrx_word' id='word_1_297' title='bbox 378 3927 411 3983; x_wconf 86' lang='lat' dir='ltr'><strong>de</strong></span> <span class='ocrx_word' id='word_1_298' title='bbox 431 3947 524 3983; x_wconf 87' lang='lat' dir='ltr'><strong>caussa</strong></span> <span class='ocrx_word' id='word_1_299' title='bbox 543 3938 626 3993; x_wconf 86' lang='lat' dir='ltr'><strong>amet;</strong></span> <span class='ocrx_word' id='word_1_300' title='bbox 648 3949 736 4004; x_wconf 89' lang='lat' dir='ltr'><strong>neque</strong></span> <span class='ocrx_word' id='word_1_301' title='bbox 755 3927 913 3983; x_wconf 87' lang='lat' dir='ltr'><strong>inobediens</strong></span> <span class='ocrx_word' id='word_1_302' title='bbox 933 3930 975 3983; x_wconf 87' lang='lat' dir='ltr'><strong>cui</strong></span> <span class='ocrx_word' id='word_1_303' title='bbox 994 3931 1136 3997; x_wconf 78' lang='lat' dir='ltr'><strong>irascatur,</strong></span> <span class='ocrx_word' id='word_1_304' title='bbox 1155 3950 1243 4004; x_wconf 86' lang='lat' dir='ltr'><strong>neque</strong></span> <span class='ocrx_word' id='word_1_305' title='bbox 1262 3931 1366 4004; x_wconf 79' lang='lat' dir='ltr'><strong>sapien·</strong></span> 
     </span>
     <span class='ocr_line' id='line_1_32' title="bbox 308 4013 597 4071; baseline -0.003 -1"><span class='ocrx_word' id='word_1_306' title='bbox 308 4017 363 4071; x_wconf 89' lang='lat' dir='ltr'><strong>tius</strong></span> <span class='ocrx_word' id='word_1_307' title='bbox 382 4015 424 4070; x_wconf 91' lang='lat' dir='ltr'><strong>cui</strong></span> <span class='ocrx_word' id='word_1_308' title='bbox 443 4013 597 4070; x_wconf 84' lang='lat' dir='ltr'><strong>aemuietur.</strong></span> 
     </span>
    </p>

    <p class='ocr_par' dir='ltr' id='par_1_5' title="bbox 310 4099 1367 4522">
     <span class='ocr_line' id='line_1_33' title="bbox 362 4099 1367 4177; baseline 0.002 -21"><span class='ocrx_word' id='word_1_309' title='bbox 362 4100 435 4157; x_wconf 80' lang='lat' dir='ltr'><strong>Haec</strong></span> <span class='ocrx_word' id='word_1_310' title='bbox 451 4111 539 4157; x_wconf 85' lang='lat' dir='ltr'><strong>autem</strong></span> <span class='ocrx_word' id='word_1_311' title='bbox 558 4121 617 4156; x_wconf 89' lang='lat' dir='ltr'><strong>cum</strong></span> <span class='ocrx_word' id='word_1_312' title='bbox 634 4120 690 4156; x_wconf 88' lang='lat' dir='ltr'><strong>nen</strong></span> <span class='ocrx_word' id='word_1_313' title='bbox 707 4103 762 4157; x_wconf 87' lang='lat' dir='ltr'><strong>sint</strong></span> <span class='ocrx_word' id='word_1_314' title='bbox 780 4103 807 4156; x_wconf 89' lang='lat' dir='ltr'><strong>in</strong></span> <span class='ocrx_word' id='word_1_315' title='bbox 826 4102 943 4156; x_wconf 78' lang='lat' dir='ltr'><strong>essentia</strong></span> <span class='ocrx_word' id='word_1_316' title='bbox 963 4101 1033 4167; x_wconf 89' lang='lat' dir='ltr'><strong>eius,</strong></span> <span class='ocrx_word' id='word_1_317' title='bbox 1053 4099 1118 4176; x_wconf 91' lang='lat' dir='ltr'><strong>quid</strong></span> <span class='ocrx_word' id='word_1_318' title='bbox 1135 4099 1296 4177; x_wconf 80' lang='lat' dir='ltr'><strong>relinquitur</strong></span> <span class='ocrx_word' id='word_1_319' title='bbox 1313 4105 1367 4158; x_wconf 90' lang='lat' dir='ltr'><strong>nisi</strong></span> 
     </span>
     <span class='ocr_line' id='line_1_34' title="bbox 310 4185 1366 4255; baseline 0.003 -15"><span class='ocrx_word' id='word_1_320' title='bbox 310 4186 533 4244; x_wconf 80' lang='lat' dir='ltr'><strong>solumbonum?</strong></span> <span class='ocrx_word' id='word_1_321' title='bbox 556 4190 627 4243; x_wconf 89' lang='lat' dir='ltr'><strong>sicut</strong></span> <span class='ocrx_word' id='word_1_322' title='bbox 646 4190 715 4244; x_wconf 89' lang='lat' dir='ltr'><strong>enim</strong></span> <span class='ocrx_word' id='word_1_323' title='bbox 734 4187 835 4243; x_wconf 85' lang='lat' dir='ltr'><strong>nultum</strong></span> <span class='ocrx_word' id='word_1_324' title='bbox 854 4187 984 4242; x_wconf 85' lang='lat' dir='ltr'><strong>malorum</strong></span> <span class='ocrx_word' id='word_1_325' title='bbox 1003 4189 1030 4240; x_wconf 89' lang='lat' dir='ltr'><strong>iu</strong></span> <span class='ocrx_word' id='word_1_326' title='bbox 1049 4185 1097 4240; x_wconf 88' lang='lat' dir='ltr'><strong>tali</strong></span> <span class='ocrx_word' id='word_1_327' title='bbox 1115 4197 1158 4241; x_wconf 78' lang='lat' dir='ltr'><strong>est</strong></span> <span class='ocrx_word' id='word_1_328' title='bbox 1177 4189 1306 4255; x_wconf 85' lang='lat' dir='ltr'><strong>essentia,</strong></span> <span class='ocrx_word' id='word_1_329' title='bbox 1325 4190 1366 4243; x_wconf 88' lang='lat' dir='ltr'><strong>sic</strong></span> 
     </span>
     <span class='ocr_line' id='line_1_35' title="bbox 310 4271 1365 4352; baseline 0.004 -28"><span class='ocrx_word' id='word_1_330' title='bbox 310 4274 339 4325; x_wconf 89' lang='lat' dir='ltr'><strong>in</strong></span> <span class='ocrx_word' id='word_1_331' title='bbox 357 4273 431 4328; x_wconf 88' lang='lat' dir='ltr'><strong>nulio</strong></span> <span class='ocrx_word' id='word_1_332' title='bbox 450 4273 502 4329; x_wconf 78' lang='lat' dir='ltr'><strong>alie</strong></span> <span class='ocrx_word' id='word_1_333' title='bbox 520 4274 622 4329; x_wconf 89' lang='lat' dir='ltr'><strong>benum</strong></span> <span class='ocrx_word' id='word_1_334' title='bbox 639 4277 798 4352; x_wconf 73' lang='lat' dir='ltr'><strong>reperietur,</strong></span> <span class='ocrx_word' id='word_1_335' title='bbox 837 4275 866 4329; x_wconf 84' lang='lat' dir='ltr'><strong>in</strong></span> <span class='ocrx_word' id='word_1_336' title='bbox 886 4271 1009 4328; x_wconf 86' lang='lat' dir='ltr'><strong>omnibus</strong></span> <span class='ocrx_word' id='word_1_337' title='bbox 1029 4273 1098 4326; x_wconf 86' lang='lat' dir='ltr'><strong>enim</strong></span> <span class='ocrx_word' id='word_1_338' title='bbox 1117 4272 1167 4328; x_wconf 85' lang='lat' dir='ltr'><strong>alia</strong></span> <span class='ocrx_word' id='word_1_339' title='bbox 1188 4275 1273 4328; x_wconf 87' lang='lat' dir='ltr'><strong>emnia</strong></span> <span class='ocrx_word' id='word_1_340' title='bbox 1292 4283 1365 4341; x_wconf 88' lang='lat' dir='ltr'><strong>sunt,</strong></span> 
     </span>
     <span class='ocr_line' id='line_1_36' title="bbox 311 4357 1365 4436; baseline 0.004 -26"><span class='ocrx_word' id='word_1_341' title='bbox 311 4365 339 4410; x_wconf 87' lang='lat' dir='ltr'><strong>et</strong></span> <span class='ocrx_word' id='word_1_342' title='bbox 356 4357 382 4410; x_wconf 91' lang='lat' dir='ltr'><strong>in</strong></span> <span class='ocrx_word' id='word_1_343' title='bbox 401 4361 492 4432; x_wconf 84' lang='lat' dir='ltr'><strong>parvis</strong></span> <span class='ocrx_word' id='word_1_344' title='bbox 512 4361 584 4414; x_wconf 88' lang='lat' dir='ltr'><strong>etin</strong></span> <span class='ocrx_word' id='word_1_345' title='bbox 602 4364 703 4436; x_wconf 82' lang='lat' dir='ltr'><strong>maguis</strong></span> <span class='ocrx_word' id='word_1_346' title='bbox 722 4372 749 4416; x_wconf 92' lang='lat' dir='ltr'><strong>et</strong></span> <span class='ocrx_word' id='word_1_347' title='bbox 767 4363 794 4416; x_wconf 90' lang='lat' dir='ltr'><strong>in</strong></span> <span class='ocrx_word' id='word_1_348' title='bbox 812 4359 925 4434; x_wconf 80' lang='lat' dir='ltr'><strong>singulis</strong></span> <span class='ocrx_word' id='word_1_349' title='bbox 946 4368 973 4413; x_wconf 84' lang='lat' dir='ltr'><strong>et</strong></span> <span class='ocrx_word' id='word_1_350' title='bbox 991 4360 1019 4413; x_wconf 94' lang='lat' dir='ltr'><strong>in</strong></span> <span class='ocrx_word' id='word_1_351' title='bbox 1037 4357 1090 4412; x_wconf 92' lang='lat' dir='ltr'><strong>hoc</strong></span> <span class='ocrx_word' id='word_1_352' title='bbox 1113 4357 1218 4412; x_wconf 74' lang='lat' dir='ltr'><strong>animali</strong></span> <span class='ocrx_word' id='word_1_353' title='bbox 1241 4359 1365 4414; x_wconf 87' lang='lat' dir='ltr'><strong>omnibus</strong></span> 
     </span>
     <span class='ocr_line' id='line_1_37' title="bbox 310 4443 1364 4522; baseline 0.004 -26"><span class='ocrx_word' id='word_1_354' title='bbox 310 4444 409 4497; x_wconf 81' lang='lat' dir='ltr'><strong>maiore</strong></span> <span class='ocrx_word' id='word_1_355' title='bbox 432 4453 459 4497; x_wconf 86' lang='lat' dir='ltr'><strong>et</strong></span> <span class='ocrx_word' id='word_1_356' title='bbox 481 4446 679 4517; x_wconf 85' lang='lat' dir='ltr'><strong>potentissime.</strong></span> <span class='ocrx_word' id='word_1_357' title='bbox 719 4447 875 4522; x_wconf 86' lang='lat' dir='ltr'><strong>passionum</strong></span> <span class='ocrx_word' id='word_1_358' title='bbox 898 4447 968 4500; x_wconf 90' lang='lat' dir='ltr'><strong>enim</strong></span> <span class='ocrx_word' id='word_1_359' title='bbox 993 4443 1073 4521; x_wconf 83' lang='lat' dir='ltr'><strong>plene</strong></span> <span class='ocrx_word' id='word_1_360' title='bbox 1096 4452 1160 4498; x_wconf 87' lang='lat' dir='ltr'><strong>sunt</strong></span> <span class='ocrx_word' id='word_1_361' title='bbox 1178 4444 1278 4517; x_wconf 80' lang='lat' dir='ltr'><strong>genita,</strong></span> <span class='ocrx_word' id='word_1_362' title='bbox 1304 4445 1364 4518; x_wconf 90' lang='lat' dir='ltr'><strong>quia</strong></span> 
     </span>
    </p>
   </div>
   <div class='ocr_carea' id='block_1_5' title="bbox 1144 4539 1167 4602">
    <p class='ocr_par' dir='ltr' id='par_1_6' title="bbox 1144 4539 1167 4602">
     <span class='ocr_line' id='line_1_38' title="bbox 1144 4539 1167 4602; baseline 0 0"><span class='ocrx_word' id='word_1_363' title='bbox 1144 4539 1167 4602; x_wconf 77' lang='grc'>4</span> 
     </span>
    </p>
   </div>
   <div class='ocr_carea' id='block_1_6' title="bbox 0 0 1766 5434">
    <p class='ocr_par' dir='ltr' id='par_1_7' title="bbox 0 0 1766 5434">
     <span class='ocr_line' id='line_1_39' title="bbox 0 0 1766 5434; baseline 0 0"><span class='ocrx_word' id='word_1_364' title='bbox 0 0 1766 5434; x_wconf 95' lang='lat' dir='ltr'><strong> </strong></span> 
     </span>
    </p>
   </div>
  </div>
 </body>
</html>
