3517 5434
316 697 369 746 cap.
388 678 413 728 3.
704 673 709 684 ’
752 673 841 743 Λόγος
860 673 935 746 ἱερός.
1337 677 1373 730 33

318 830 540 917 [ὀχλουμὲνης]
557 833 680 913 γνῶναι
695 828 839 915 ἀγαθῶν
854 833 910 894 καὶ
925 825 1069 919 φαύλων,
1085 832 1141 896 καὶ
1156 832 1272 896 πασῶν
1287 829 1371 916 ἀγα·
1457 847 1464 866 “

317 943 392 1006 θῶν
415 941 675 1027 ὃαιόαλουργίαν
698 939 813 1027 εὑρεῖν.
836 935 972 1029 ἀρχεται
987 939 1094 1006 αὐτῶν
1115 941 1239 1025 βιῶσαί
1260 965 1294 1007 τε
1317 946 1373 1009 καὶ
1395 941 1418 1004 4

282 1051 529 1141 3σοιγισθῆναι
549 1047 633 1140 πρὸς
654 1061 777 1141 μοῖραν
799 1047 1013 1137 δρομήματος
1034 1055 1172 1118 κυκλίων
1194 1054 1295 1133 θεῶν,
1317 1057 1374 1120 καὶ

316 1161 532 1242 ἀναλωθῆναι
554 1169 598 1240 εὶς
620 1165 735 1230 τοῦτο·
758 1165 814 1228 καὶ
829 1165 961 1228 ἔσονται
981 1159 1110 1247 μεγάλα
1125 1162 1373 1250 ἀπομνημονεύ-

314 1298 405 1360 ματα
427 1271 720 1362 τεχνονργημάτων
743 1277 796 1339 ἐπὶ
818 1275 877 1353 τῆς
899 1276 968 1357 γῆς,
991 1273 1226 1354 καταλιπόντες
1240 1283 1276 1342 ὲν
1290 1274 1373 1342 ἀνα-

281 1381 427 1450 6νεύσει
453 1382 582 1474 χρόνων
616 1382 818 1472 ἀμαύρωσιν.
853 1386 910 1449 καὶ
937 1386 1032 1450 πάσα
1067 1391 1190 1469 γένεσις
1224 1384 1374 1479 ἐμψύχου

315 1490 438 1583 σαρκὸς
470 1500 527 1562 καὶ
554 1500 682 1585 καρποῦ
712 1499 840 1582 σπορᾶς
871 1498 927 1560 καὶ
955 1493 1064 1576 πάσης
1093 1501 1303 1583 τεχνοσργίας
1330 1493 1374 1563 τά

314 1603 535 1692 ἐλαττούμενα
557 1602 834 1693 ἀνανεωθήσεται
857 1603 984 1698 ἀνάγκῃ
1006 1610 1063 1672 καὶ
1085 1604 1265 1673 ἀνανεύσει
1279 1611 1374 1675 θεῶν

280 1721 371 1784 εικοιὶ
393 1715 521 1809 φύσεως
541 1714 660 1785 κύκλον
681 1720 884 1808 ἐναριθμίον
907 1715 1103 1806 ὃρομήματι.
1127 1713 1165 1784 τὸ
1187 1713 1251 1807 γάρ
1274 1722 1374 1788 θεῖον

314 1828 453 1908 ἡπὸισα
480 1826 619 1914 κοσμική
648 1826 825 1918 σύγκρασις
854 1825 952 1917 φύσει
981 1827 1220 1914 ἀνανιουμένη·
1251 1837 1286 1898 ὲν
1308 1831 1372 1918 γάρ

316 1941 362 2023 τῷ
383 1941 468 2022 θείῳ
490 1943 546 2006 καὶ
567 1965 589 2020 η
612 1936 712 2029 φύσις
734 1941 1012 2022 σνγκαθέστηκεν.

386 2140 408 2188 1.
437 2131 607 2206 ἀχλονμένης]
643 2139 794 2207 οἰκουμένης
825 2138 921 2202 Floro,
949 2137 1019 2189 uncis
1049 2137 1106 2189 inei.
1139 2137 1210 2191 Tied.
1242 2133 1255 2206 Η
1319 2159 1373 2193 τισι-

384 2221 447 2289 σῶν]
466 2222 502 2274 εἰσ
519 2223 577 2283 ΑΒ,
600 2220 693 2277 πᾶσαν
714 2222 782 2274 editi.
853 2224 879 2275 2.
899 2227 1000 2294 ἔρχεται
1025 2223 1105 2274 Fiusa.
1176 2224 1203 2276 4.
1221 2226 1257 2284 εἰς
1275 2222 1370 2278 τοῦτο’

385 2307 441 2375 καὶ]
460 2308 495 2360 sie
514 2307 587 2360 Tied.
606 2312 642 2369 εἰς
660 2304 678 2360 ἀ
695 2303 836 2380 reliqui.†s
870 2310 987 2378 ἔσονται]
1005 2313 1081 2362 ἔσται
1099 2307 1171 2376 ΑΒ.Ι
1218 2311 1244 2362 5.
1261 2309 1287 2362 6.
1307 2306 1371 2364 οἶνοι·

385 2392 479 2462 κεύσειΙ
497 2395 532 2446 εἰσ
550 2395 631 2459 Patr„
654 2389 767 2465 ὀνόματι
790 2394 889 2464 reliqui.
944 2394 968 2447 6.
988 2394 1080 2449 πᾶσαν
1098 2400 1196 2464 γένεσιν
1220 2395 1266 2446 ΑΒ
1290 2397 1370 2448 Turn.

383 2481 450 2533 Patr.
471 2477 483 2548 Η
522 2485 639 2551 ἔμψυχον
659 2483 716 2531 Α..
762 2479 788 2533 9.
807 2485 832 2531 ἐν
851 2470 975 2552 ἀριθμοῦ
993 2480 1060 2533 Patr.
1120 2477 1162 2532 10.
1182 2476 1369 2550 ἀνανεονμένη]

384 2567 419 2618 sie
437 2566 483 2618 AB
502 2566 581 2631 Patr„
604 2564 828 2638 ἀναθεωρονμένη
849 2566 948 2636 reliqui.
1026 2565 1071 2618 ll.
1088 2569 1252 2634 καθέστηκεν
1271 2567 1334 2618 Patr.
1355 2563 1368 2635 ΙΙ

383 2656 458 2713 τέλος
475 2651 525 2706 τοῦ
542 2652 623 2720 λόγον
642 2651 714 2725 ἱεροῦ
732 2654 788 2706 add.
808 2652 875 2704 Patr.

314 2845 362 2881 aus
385 2824 541 2879 caelestium
564 2824 674 2878 deorum
698 2835 726 2879 et
744 2843 855 2899 operum
878 2824 1029 2879 divinorum
1048 2834 1075 2878 et
1093 2834 1203 2879 naturae
1227 2824 1371 2893 efficaciae,

313 2913 342 2964 in
360 2911 435 2982 signa
454 2910 594 2975 honorum,
614 2908 647 2962 ad
666 2910 787 2963 notitiam
805 2907 912 2962 divinae
929 2909 1081 2980 potentiae,
1099 2919 1191 2984 partes
1210 2928 1372 2981 cognoscere

313 2996 446 3050 bonorum
464 2992 652 3060 etmalorum,
676 3002 703 3047 et
726 2993 841 3047 omnium
864 2991 997 3045 bonorum
1020 2992 1161 3048 artificium
1179 2995 1308 3049 invenire.
1333 2996 1372 3049 in-

314 3081 381 3157 cipit
400 3099 491 3135 eorum
504 3082 558 3136 vita
578 3089 606 3134 et
624 3079 735 3134 scientia
755 3077 789 3132 ad
800 3081 951 3154 portionem
964 3095 1059 3132 cursus
1073 3077 1239 3133 circularium
1253 3079 1371 3149 deorum,

314 3177 342 3221 et
378 3164 479 3221 resolvi
507 3167 534 3220 in
561 3164 602 3231 id,
634 3174 662 3219 ot
691 3173 770 3218 erunt
797 3182 889 3237 magna
922 3165 1109 3220 commentaria
1141 3165 1315 3222 artificiorum
1345 3169 1372 3223 in

314 3263 399 3320 terra,
422 3251 605 3326 relinquentes
629 3252 656 3305 in
680 3251 852 3305 renovatione
874 3259 1025 3326 temporum
1048 3249 1217 3307 deletionem.
1241 3261 1268 3308 et
1285 3255 1372 3309 omnia

313 3340 449 3412 generatio
469 3339 598 3393 animatae
616 3338 704 3393 earnis
723 3345 751 3390 et
769 3335 871 3391 fruetus
891 3337 1001 3392 seminis
1021 3345 1047 3391 et
1066 3339 1152 3392 omnis
1169 3338 1285 3407 artificii,
1304 3359 1371 3414 quae

313 3426 479 3492 minuuntur,
503 3423 703 3480 renovabuntur
725 3423 886 3478 necessitate
911 3431 938 3476 et
961 3423 1135 3478 renovatione
1153 3422 1263 3481 deorum
1281 3436 1309 3481 et
1327 3446 1372 3481 na·

314 3519 389 3564 turae
403 3510 496 3566 circuli
515 3514 543 3566 in
561 3531 700 3567 numerum
719 3510 860 3564 currentis.
894 3507 1013 3564 divinum
1032 3529 1145 3584 namque
1163 3520 1220 3565 tota
1238 3511 1370 3568 mundana

314 3599 472 3670 temperatio
491 3607 583 3653 natura
603 3605 737 3652 renovata.
772 3597 799 3650 in
813 3594 905 3649 divino
925 3614 1038 3669 namque
1051 3597 1129 3650 etiam
1142 3605 1234 3650 natura
1248 3607 1290 3652 est
1310 3616 1371 3652 eon·

315 3682 416 3735 stituta.
