3517 5434
335 703 521 762 Boo-sl.
870 693 913 754 θθ

335 861 387 925 καί
421 859 513 943 λόγος
541 862 593 924 καί
622 863 693 928 νοῦς
722 858 866 942 διέκρινεν
893 859 1035 942 αἰσθήσει
1065 855 1103 920 τά
1135 855 1332 940 συνημμένα,
1369 857 1454 918 ῶστε

335 958 451 1024 τούτων
481 959 606 1041 ὕστερον
635 958 654 1038 ἡ
684 955 856 1039 ἐναντιότης
883 956 1033 1041 ἐφωράθη
1066 961 1105 1039 τῇ
1132 953 1273 1043 αἰσθήσει
1292 959 1347 1016 τοῦ
1366 975 1454 1035 γενο-

337 1056 431 1138 μένου
454 1056 599 1138 σῶματος
616 1055 691 1137 ὅπερ
713 1053 744 1122 ἐξ
764 1053 865 1116 αὐτῶν
890 1053 1022 1138 ἐκράθη,
1047 1053 1083 1116 οὐ
1106 1049 1325 1136 προλαβόντων
1350 1051 1452 1114 αἰτῶν

333 1154 411 1236 πρὸς
428 1154 461 1214 τδ
480 1151 568 1228 εἶναι,
590 1152 671 1214 ἀλλά
687 1150 859 1234 σύνδρομον
875 1151 960 1236 αὐτῷ
976 1153 1009 1215 τδ
1029 1147 1107 1214 εἰναι
1126 1149 1293 1236 λαβόντων.
1336 1147 1385 1222 θθ,
1408 1148 1455 1214 τίς

302 1249 372 1312 όάν
398 1252 474 1334 πρὸς
500 1249 585 1318 ἀξίαν
615 1248 787 1330 θαυμάσειε
816 1249 869 1332 τήν
898 1271 931 1311 τε
961 1248 1087 1332 δύναμιν
1110 1253 1165 1310 τοῦ
1189 1247 1376 1330 δημιουργοῦ
1399 1245 1452 1308 καί

336 1348 388 1430 τὴν
411 1348 589 1432 συμφωνίαν
608 1352 667 1410 τῶν
684 1345 863 1429 γινομένων,
884 1349 926 1414 ῶς
944 1345 1053 1429 ἄμαχα
1065 1346 1116 1408 καί
1132 1345 1273 1428 εἰρηναῖα
1289 1344 1325 1406 τά
1341 1345 1452 1420 πάντα,

335 1445 415 1527 πλήν
436 1469 471 1527 γε
494 1446 667 1528 ἀνθρώπων
690 1443 819 1511 ἀδικίας.
867 1444 1028 1526 ε[ί]στηκει
1053 1441 1106 1505 οὑν
1130 1443 1148 1525 ἡ
1174 1439 1357 1526 δημιουργία
1379 1441 1452 1524 σύμ-

335 1563 438 1618 πασα,
465 1540 628 1624 κινουμένη
657 1541 711 1624 μὲν
737 1541 790 1623 τὴν
814 1541 892 1604 ἰδίαν
911 1541 962 1602 καί
985 1539 1128 1603 εὔτακτον
1150 1540 1282 1622 κίνησιν,
1311 1539 1451 1620 ἀκίνητον

337 1637 372 1699 δέ
398 1639 585 1721 διατηροῦσα
613 1640 663 1700 τόν
692 1637 743 1722 ἐφ’
769 1640 867 1722 ἐαυτγῙ
889 1637 1169 1720 τοῦπεποιηκύτος
1192 1635 1297 1718 νόμον.
1338 1635 1388 1697 καί
1409 1635 1453 1702 τίς

286 1743 320 1798 10
338 1732 374 1796 ἀν
395 1734 513 1811 ἕλοιτο,
542 1735 570 1797 εἰ
591 1735 645 1803 τάς
665 1735 824 1820 αἰσθήσεις
845 1736 973 1818 ὑγιαίνω
994 1737 1048 1817 τῆς
1069 1739 1186 1820 ψυχῆς,
1216 1732 1332 1795 τούτων
1353 1732 1452 1822 οὑτως

337 1830 471 1915 ἐχόντων
492 1834 542 1895 καὶ
564 1831 608 1895 ἔτι
630 1832 846 1917 ἀναριθμήτων
869 1833 984 1908 ἄλλων,
1008 1831 1148 1894 ἀπάντα
1171 1836 1242 1894 νοῦν
1265 1829 1449 1916 ὑπερβαίνει,

337 1928 434 2013 ἄλλην
464 1917 518 2014 μὲν
543 1930 641 2014 ἀρχὴν
670 1936 715 2015 τιγῦ
742 1929 825 2016 λόγῳ
850 1933 981 2006 πλάσαι,
1008 1931 1178 2014 ἀντεγεῖραι
1208 1929 1243 1990 δὲ
1263 1927 1374 2010 ταύτην
1397 1928 1448 1988 ἀπ’

338 2025 474 2095 ἐναντίας
498 2033 552 2090 τοῦ
582 2027 677 2110 μόνου
704 2028 853 2113 ἀγενήτου
886 2029 980 2102 θεοὺς
1022 2026 1186 2110 σύμφωνον
1222 2026 1276 2109 μὲν
1308 2025 1365 2109 γὰρ
1401 2025 1451 2086 καὶ

337 2123 572 2207 ἀπαράλλακτον
593 2125 690 2210 ἀρχὴν
712 2127 949 2211 δνειροπολῆσαι
968 2123 1116 2209 περιττόν,
1135 2127 1189 2205 της
1203 2127 1273 2205 μιᾶς
1285 2122 1449 2207 ἀρκούσης·

288 2234 321 2288 15
338 2218 475 2282 ἐναντίαν
490 2223 524 2284 δέ
539 2222 726 2287 ὑποπτεῦσαι
745 2225 841 2306 πάντη
864 2221 1001 2306 μανικόν,
1021 2226 1080 2284 τῶν
1102 2220 1183 2283 όλων
1205 2221 1450 2304 συμφωνούντων

337 2318 387 2379 καί
415 2319 551 2401 ποικιλία
581 2321 634 2401 μὲν
666 2321 923 2405 κεκοσμημένων,
955 2321 1049 2405 σοφία
1075 2320 1109 2382 δὲ
1132 2322 1186 2380 τοῦ
1209 2318 1393 2399 ποιησαντος
1414 2319 1448 2380 τδ

336 2415 468 2500 χρηστὸν
489 2415 540 2476 καὶ
560 2417 594 2478 τδ
613 2421 746 2501 γαληνὸν
768 2419 832 2502 μετ’
856 2418 1033 2503 ἐμβριθείας
1048 2414 1269 2501 ἐμφαινόντων,
1292 2414 1451 2482 ῶςόῖπασα

338 2511 393 2594 μὲν
414 2510 584 2595 χρηστότης
607 2511 737 2596 ἄκρατος
758 2517 843 2591 λίαν,
873 2515 1042 2601 ἐπιβλαβής
1062 2538 1094 2576 τε
1116 2513 1167 2576 καὶ
1191 2511 1319 2595 ἄλογος,
1351 2511 1450 2597 ἐμβρίν

337 2608 408 2669 θεια
437 2608 473 2670 δέ
500 2609 550 2675 καί
575 2609 764 2696 αὑττηρύτης
782 2613 854 2676 καθ’
878 2613 1006 2696 ἑαυτήν,
1039 2609 1245 2695 χρηστότητος
1267 2611 1451 2692 ἀμοιροῦσα,

286 2723 322 2776 θθ
338 2707 415 2790 πρὸς
434 2703 598 2792 ἀγριότητα
619 2709 671 2772 καί
692 2710 913 2792 ἀπανθρωπίαν
936 2711 1008 2794 ύρᾷ·
1043 2709 1172 2789 ἑκάτερα
1201 2708 1235 2770 δὲ
1260 2705 1400 2769 παιδεύει
1419 2727 1452 2766 τε

336 2807 387 2870 καί
410 2807 531 2890 ἡδύνει,
560 2805 664 2890 τέρπει
686 2830 719 2869 τε
740 2809 791 2871 καί
812 2808 955 2893 ἐκφοβεῖ,
991 2803 1237 2887 ἐπαγγέλ[λ]εται
1259 2801 1452 2888 χρηστότητα

336 2905 387 2967 καὶ
413 2906 536 2968 ἀπειλεῖ
558 2904 695 2989 φοβερά,
725 2906 876 2989 προτείνει
898 2907 1007 2989 δώρων
1031 2903 1141 2966 ἐλπίδα
1164 2902 1214 2964 καὶ
1234 2901 1453 2984 παραδείκνυσι

336 3007 489 3086 τιμωριῶν
511 3003 659 3079 κίνδυνον,
681 3005 724 3070 ῶς
746 3002 783 3065 ἀν
807 3004 983 3085 ὑλογισμδς
995 3005 1054 3063 τῶν
1072 3000 1120 3062 ἐπὶ
1134 3003 1190 3082 γῆς
1203 2996 1452 3080 πολιτευομένων

339 3101 415 3182 μήτε
433 3098 599 3184 χαυνότητι
613 3106 672 3162 τῶν
689 3099 791 3182 ἡδέων
808 3098 1043 3182 καταβαπτιοθῇ
1057 3099 1133 3180 πρδς
1149 3095 1279 3180 ἄμετρον
1296 3096 1452 3180 ῥαστώνην

287 3207 322 3262 2⁶
341 3198 417 3280 μήτε
443 3197 632 3283 ἀδιαλείπτιρ
662 3197 726 3260 δέει
753 3202 814 3259 τῶν
844 3195 952 3280 φόβων
983 3195 1174 3277 διεκπλαγεὶς
1201 3192 1353 3277 πηρωθῇ,
1382 3192 1451 3254 ἀλλ’

340 3295 532 3378 ἑκατέρωθεν
554 3297 684 3379 μετρίως
702 3294 930 3379 παιδαγωγηθῇ
950 3296 1027 3377 πρὸς
1040 3291 1203 3376 εύλάβειάν
1213 3293 1251 3352 ’τε
1265 3290 1316 3352 καὶ
1331 3289 1451 3372 ἀρετήν.

421 3489 446 3559 l.
477 3485 523 3549 Τά
545 3487 600 3570 μὲν
621 3485 674 3549 οὑν
695 3485 869 3571 ἔμπροσθεν
891 3487 977 3550 έκτε
998 3490 1057 3548 τῶν
1075 3485 1261 3570 πραγμάτων
1282 3481 1452 3546 αὐτῶνκαὶ

338 3590 398 3647 τῶν
428 3589 538 3648 κοινῶν
566 3584 690 3646 ἐννοιῶν
716 3583 864 3667 εἰρημένα
891 3585 1010 3648 πάντων
1038 3583 1074 3646 ἀν
1107 3581 1181 3650 ἴσως
1211 3582 1262 3644 καί
1284 3586 1347 3644 τῶν.
1367 3580 1453 3648 ἐκτὸς

288 3687 393 3765 θύτης
420 3681 583 3765 ἐκκλησίας
611 3682 662 3744 τόν
691 3685 762 3754 νοῦν
790 3682 994 3767 ἀσφαλίοαιτο
1024 3682 1175 3764 μηδαμῶς
1194 3677 1377 3763 προσίεσθαι
1397 3681 1452 3740 τοῦ

340 3779 484 3862 μανέντος
500 3780 553 3862 τὴν
573 3779 652 3842 κατά
669 3783 723 3842 τοῦ
742 3781 930 3863 δημιουργοῦ
952 3783 1010 3842 τῶν
1032 3777 1113 3840 ὅλων
1135 3777 1350 3864 βλασφημίαν,
1374 3775 1452 3838 ἐπει-

339 3876 377 3959 δὴ
411 3877 446 3940 δὲ
476 3877 574 3961 θήραν
606 3876 711 3960 ἑτέραν
734 3878 812 3941 κατά
833 3883 893 3940 τῶν
919 3878 979 3940 ἀπὸ
1001 3879 1054 3958 τῆς
1076 3873 1238 3957 ἐκκλησίας
1263 3867 1452 3959 μεμελέτηκε

339 3972 439 4057 δεινήν
465 3998 498 4037 τε
519 3976 569 4038 καὶ
589 3977 745 4059 χαλεπήν,
776 3977 878 4061 βησεις
900 3974 981 4043 τινάς
1001 3972 1186 4060 τῶνάγίων
1201 3975 1329 4055 γραφῶν
1353 3971 1452 4057 ἐκβια-

339 4069 467 4153 ζόμενος
491 4075 569 4158 πρὸς
595 4074 647 4157 τὴν
677 4073 772 4136 αὑτοῦ
798 4073 1021 4158 ψευδολογίαν,
1054 4072 1120 4154 ῶρα
1151 4069 1188 4152 δὴ
1219 4069 1270 4132 καί
1297 4069 1368 4138 τοῦς
1391 4069 1452 4130 ἀπὸ

288 4180 323 4236 ³5
339 4173 398 4230 τῶν
420 4170 515 4234 θείων
535 4176 662 4256 γραφῶν
686 4170 834 4256 ἐλέγχους
851 4169 915 4233 κατ’
944 4169 1038 4245 αὑτοῦ
1058 4173 1178 4251 κινῆσαι
1191 4167 1267 4250 πρὸς
1281 4167 1452 4251 ἀσφάλειαν

337 4271 398 4329 τῶν
420 4268 635 4346 πιστευόντων,
656 4273 721 4336 ταῖς
741 4267 991 4335 ἀλλοκότοιςκαί
1013 4267 1079 4330 λίαν
1100 4265 1261 4332 ἀπιθάνοις
1279 4263 1469 4347 ἑρμηνείαις,

339 4361 418 4427 ἔστιν
432 4365 483 4428 ότε
495 4368 572 4450 πρὸς
584 4372 644 4430 τῶν
658 4365 776 4430 ἐκείνου
789 4364 1011 4448 πλανωμένων.
1039 4363 1186 4429 ποικιλως
1197 4361 1254 4446 γάρ
1270 4358 1452 4444 μεθοδεύων
1480 4413 1482 4418 .

338 4459 375 4542 ἢν
399 4461 548 4546 ἐπενόησε
573 4463 732 4549 συνεργείφ
753 4468 807 4526 τοῦ
833 4463 981 4548 διαβόλου
1001 4461 1130 4544 πλάνην,
1155 4457 1270 4544 ἰσχύειν
1293 4457 1453 4542 ἐπιχειρεῖ.

338 4558 412 4643 παρ’
427 4554 560 4644 Ἕλλησι
583 4561 637 4645 μὲν
658 4561 696 4623 οἰι
719 4560 757 4624 τὰ
778 4560 902 4634 ἐκείνων
925 4557 1115 4643 ἀνατρέπων,
1136 4556 1173 4620 τὰ
1189 4557 1225 4620 δέ
1239 4557 1356 4620 ἐλάττω
1371 4553 1453 4618 κακά
