3517 5434
855 685 905 731 vll

320 863 398 922 quae
423 841 505 920 apud
524 839 762 917 lexicographos
777 837 914 900 Graecos
934 847 1004 898 ante
1019 859 1036 896 0
1054 837 1086 897 in
1102 857 1194 896 unum
1211 857 1319 916 agmen
1333 845 1440 899 coacta

319 944 480 1014 habentur,
503 928 566 998 non
585 938 614 998 R
635 938 749 996 habent
765 939 906 1016 primam,
929 939 983 999 sed
1003 937 1139 1016 spiritum
1154 955 1297 1014 asperum
1311 957 1439 1015 eumque
1539 973 1542 979 ι

322 1049 373 1100 aut
394 1061 450 1118 pro
472 1038 510 1096 W
532 1045 583 1096 aut
603 1056 660 1114 pro
685 1034 706 1097 S
730 1040 873 1114 positum.
915 1038 959 1095 ita
984 1031 1073 1118 ῥόδον
1099 1041 1146 1094 est
1166 1039 1294 1110 wrodoa,
1318 1037 1439 1095 arabice

318 1143 417 1210 ward,
451 1138 495 1196 ita
526 1132 587 1218 ῥὲω
617 1135 725 1206 areat,
756 1136 837 1213 apud
868 1136 962 1200 Indos
989 1154 1048 1194 aru.
1088 1134 1149 1192 iarn
1179 1135 1206 1194 si
1232 1135 1301 1194 huic
1328 1136 1363 1193 br
1390 1134 1439 1194 vel

317 1259 361 1297 wr
397 1237 516 1314 syllaba
553 1235 656 1310 aliqua
684 1236 901 1312 praeponitur,
938 1233 1067 1292 efficitur
1093 1240 1126 1292 ut
1156 1251 1190 1314 pp
1219 1235 1367 1293 scribatur
1400 1233 1439 1292 ad

318 1335 547 1414 significandam
568 1333 806 1411 diphthongum,
830 1334 914 1391 ouius
936 1351 1111 1392 consonans
1133 1331 1228 1410 prior,
1250 1352 1342 1410 quum
1364 1341 1437 1393 nota

316 1435 355 1492 W
367 1434 416 1493 vel
429 1428 460 1490 H
478 1431 616 1490 adhiberi
636 1432 735 1490 desita
755 1432 804 1504 sit,
827 1449 906 1488 nune
926 1430 1053 1488 indicari
1066 1451 1126 1490 non
1142 1438 1253 1508 potest.
1286 1433 1317 1490 in
1337 1433 1437 1493 locum

317 1533 409 1610 igitur
430 1531 554 1608 spiritus
577 1529 679 1607 asperi
698 1529 727 1586 R
748 1529 845 1586 altera
866 1529 994 1589 suffecta
1013 1537 1074 1602 est,
1097 1537 1126 1586 et
1142 1530 1203 1587 iarn
1222 1537 1251 1588 te
1267 1529 1437 1609 intelligere

316 1638 391 1708 puto
412 1649 502 1706 quam
521 1628 657 1706 ineptum
679 1628 719 1686 sit
737 1623 771 1707 dp
792 1625 935 1702 scribere,
960 1627 992 1685 id
1014 1634 1061 1687 est
1084 1629 1191 1688 eodem
1214 1635 1352 1706 tempore
1373 1647 1436 1686 ma-

317 1730 477 1807 gistratum
501 1736 532 1786 et
550 1728 760 1806 magistratum
783 1727 942 1786 suffectum
964 1727 1084 1787 habere.

402 1847 441 1886 ne
471 1826 539 1904 quis
566 1846 639 1885 vero
670 1827 788 1884 maiora
815 1844 863 1883 me
887 1825 1075 1903 expetivisse
1097 1825 1215 1896 credat,
1245 1843 1335 1901 quam
1360 1844 1437 1900 quae

318 1925 463 2002 expetivi,
479 1927 557 1983 hunc
567 1925 678 1984 librum
691 1944 739 1983 me
752 1924 886 1984 edidisse
899 1925 1007 1983 iterum
1018 1924 1080 1998 aie,
1096 1933 1129 1984 ut
1141 1943 1233 2000 quum
1246 1924 1353 1984 ceteris
1362 1925 1436 2001 phi-

315 2025 429 2103 lologis
447 2025 570 2102 linguae
585 2022 720 2101 syriacae
738 2023 885 2083 studiosis
900 2024 1096 2102 gratificarer,
1110 2031 1173 2082 tum
1184 2025 1263 2101 ipse,
1280 2023 1305 2082 si
1317 2023 1437 2099 publice

317 2121 419 2181 Titum
440 2121 621 2202 Gregorium
644 2122 754 2181 lulium
772 2122 942 2183 laudandos
966 2123 1120 2196 haberem,
1143 2123 1263 2182 facilius
1287 2123 1318 2180 id
1336 2123 1437 2182 facere

315 2241 450 2300 possem.
495 2242 566 2280 nam
595 2221 758 2280 editionem
786 2221 858 2281 novi
879 2222 1054 2282 testamenti
1077 2223 1115 2281 ad
1138 2223 1311 2282 versionum
1337 2222 1436 2282 orien-

315 2321 420 2378 talium
448 2321 537 2379 fidem
563 2329 719 2380 curaturus
748 2340 839 2397 quum
867 2322 964 2382 libros
989 2341 1115 2401 graecos
1138 2322 1169 2379 in
1195 2323 1314 2400 linguas
1336 2322 1436 2382 orien-

315 2419 393 2480 tales
412 2438 520 2479 versos
542 2420 644 2498 legere
664 2421 886 2494 consueverim,
906 2421 1089 2500 glossarium
1110 2422 1201 2480 etiam
1222 2440 1436 2500 syrograecum

316 2520 498 2588 concinnare
529 2519 644 2596 incepi,
676 2518 758 2595 quod
789 2538 806 2576 e
834 2520 1001 2580 didascalia
1026 2521 1164 2599 reliquiis
1191 2521 1338 2579 analectis
1365 2519 1436 2579 Tito

316 2636 334 2674 a
362 2637 411 2675 me
439 2618 546 2690 editis,
579 2617 760 2696 geoponicis
784 2637 803 2675 a
825 2639 872 2676 me
902 2621 1045 2694 edendis,
1077 2621 1197 2699 Ignatio
1223 2619 1383 2680 Curetonis
1407 2627 1438 2677 et

315 2714 449 2773 Eusebio
473 2716 565 2788 Leei,
595 2735 635 2774 ex
663 2716 740 2792 ipsis
771 2717 900 2794 denique
925 2719 1012 2778 libris
1035 2720 1155 2779 biblicis
1180 2719 1339 2778 collectum
1362 2718 1435 2776 viris

316 2811 414 2870 doctis
437 2833 499 2871 non
518 2812 625 2871 inutile
646 2815 710 2871 fere
731 2816 860 2876 confido.

801 2945 954 2955 ——u-NJ-

401 3008 502 3084 eapita
532 3007 594 3066 Titi
625 3009 707 3066 facta
734 3017 806 3068 sunt
834 3011 872 3068 ad
904 3012 1062 3090 exemplar
1091 3013 1258 3090 syriacum,
1291 3013 1436 3090 scriptum

317 3125 399 3165 anno
421 3107 477 3165 411
504 3127 534 3184 p.
556 3105 624 3166 (thr.
648 3128 691 3167 n:
728 3109 845 3166 numeri
871 3109 902 3166 in
925 3109 1065 3189 Gregorii
1092 3119 1122 3170 et
1142 3113 1212 3170 Iulii
1234 3112 1319 3172 libris
1344 3113 1437 3170 additi

313 3205 443 3284 paginas
465 3205 672 3264 analectorum
695 3226 832 3267 meorum
856 3210 1044 3286 syriacorum
1067 3210 1210 3271 indicant.

825 3338 927 3350 §.-

399 3381 537 3463 Berolini
558 3402 639 3466 Non.
660 3403 756 3482 April.
784 3405 871 3468 1858.
