3517 5434
331 691 505 749 Βῒί-ΆΙ..
871 681 911 742 έῖ
1019 731 1023 738 .
1137 712 1142 721 ·

328 852 380 932 παῖ’
393 847 606 933 ἀνεπιπλήκτῳ
624 848 677 930 τὴν
699 844 823 929 αῦίησιν
848 845 952 916 αῦτοῖς
973 846 1152 932 ἐπιτρέπειν.
1193 847 1366 913 τοῦναντίον
1386 851 1444 935 γάρ

328 949 418 1008 τοῦτο
452 946 528 1028 πρδς
559 943 780 1028 ἀπανθρωπίαν
811 945 884 1028 όρᾷ,
918 944 980 1028 είγε
1010 943 1199 1030 βουλόμενος
1222 951 1275 1030 τῆς
1303 947 1380 1012 κατὰ
1409 951 1444 1012 τὸ

330 1041 514 1126 φαινόμενον
544 1041 584 1126 μὴ
613 1040 787 1110 ἐξίστασθαι
815 1041 1031 1126 χρηστότητος,
1064 1042 1236 1127 ἐπιβούλως
1268 1047 1443 1131 συγχωροίη

327 1140 405 1223 πρδς
430 1137 552 1202 ἔκλυσιν
577 1139 684 1207 κακίας
703 1140 800 1222 πάντη
824 1140 1023 1202 καταπίπτειν
1042 1139 1113 1210 τοῦς
1133 1141 1333 1226 ἀνθρώπους,
1362 1142 1444 1226 λέγω

289 1253 313 1305 ,5
330 1237 366 1300 δὲ
391 1236 429 1300 τὰ
455 1237 575 1321 χρηστά
603 1235 749 1321 παρέχων
778 1238 829 1300 καὶ
857 1237 895 1300 τά
918 1235 1105 1322 νομιζόμενα
1127 1238 1249 1323 λυπηρὰ
1273 1238 1446 1322 ἀναγκαίως

329 1333 445 1416 ἐπάγει.
497 1334 571 1398 οὐδὲ
599 1332 657 1416 γὰρ
686 1334 785 1417 πατὴρ
812 1337 1053 1419 πλημμελοῦντα
1081 1337 1178 1399 παῖδα
1206 1335 1323 1399 τύπτων
1351 1336 1443 1400 ἀπάν-

328 1431 469 1514 θρωπος·
493 1429 667 1493 τούναντίον
691 1431 745 1513 μὲν
767 1428 832 1508 οῦν,
856 1432 884 1494 εἰ
907 1433 947 1516 μὴ
970 1433 1045 1516 πρδς
1068 1431 1279 1518 ἐπιστρέφεται
1294 1431 1443 1516 ἀγοιτυῦ-

328 1550 390 1604 τον,
403 1529 440 1592 οῦ
453 1527 536 1598 δόξει
551 1529 650 1612 φειδῶ
664 1528 810 1613 πατρικὴν
829 1528 1047 1594 ἐνδείκνυσθαι.
1068 1529 1142 1594 οὐδέ
1153 1529 1271 1614 τέμνων
1284 1532 1335 1594 καί
1347 1531 1443 1596 καίων

330 1626 433 1709 ἰατρδς
451 1627 550 1689 ἑλκῶν
571 1626 669 1708 νομάς
688 1625 906 1710 ἀπάνθρωπος,
927 1627 996 1690 ἀλλ’
1014 1629 1078 1714 ὅσῳ
1093 1633 1147 1692 τοῦ
1161 1627 1254 1711 λόγου
1270 1633 1323 1712 τῆς
1335 1625 1445 1712 τέχνης

280 1739 313 1793 10
332 1726 558 1807 μεταποιεῖται,
583 1723 725 1809 ’τοσοότιρ
753 1723 937 1808 φειδόμενος
958 1729 1012 1788 τοῦ
1034 1727 1202 1812 κάμνοντος
1223 1727 1370 1812 προσάγει
1389 1726 1442 1809 τὴν

329 1818 485 1904 ἀλγηδόνα
508 1826 567 1883 τῶν
589 1820 823 1906 αῦστηροτέρων
847 1822 1055 1906 βοηθημάτων
1081 1827 1124 1892 ῶς
1147 1823 1363 1908 ἀπολουμένου
1388 1823 1442 1906 μὲν

327 1919 403 2001 πρδς
429 1921 489 1979 τῶν
518 1919 617 1982 ἑλκῶν
641 1925 696 1984 τοῦ
721 1921 906 2004 κάμνοντος,
937 1921 964 1983 εἰ
992 1923 1032 2006 μὴ
1061 1925 1167 1984 τοῦτον
1195 1921 1366 2007 βοηθηθείη
1390 1922 1441 1984 τδν

327 2014 447 2098 τρόπον,
472 2016 696 2100 σωθησομένου
710 2017 756 2094 δέ,
777 2021 873 2101 τομῆς
889 2039 922 2080 τε
940 2018 991 2080 καὶ
1011 2023 1181 2104 καυστῆρος
1200 2019 1228 2082 εἰ
1246 2017 1312 2082 δέοι
1329 2041 1442 2103 προσα-

327 2113 476 2195 γομένων.
524 2114 603 2176 ὥστε
633 2115 711 2178 κατά
736 2118 770 2180 τὸ
803 2114 975 2199 ὑπόδειγμα
1005 2115 1167 2200 ἄνθρωποί
1192 2117 1266 2179 εἰσιν
1292 2117 1322 2179 οἱ
1345 2117 1386 2178 τά
1407 2139 1442 2198 γε

278 2229 311 2285 15
329 2211 440 2295 ἀνιαρά
461 2217 619 2282 ποιοῦντες
639 2213 710 2276 καθ’
736 2214 853 2277 έαυτῶν
878 2216 994 2296 μᾶλλον
1016 2215 1034 2298 ή
1060 2215 1077 2276 δ
1101 2211 1184 2289 θεός,
1209 2214 1238 2276 υί
1257 2214 1310 2296 τήν
1334 2214 1441 2298 χρείαν

327 2311 377 2372 καί
405 2309 477 2378 τοῦς
505 2311 630 2394 καιροὺς
658 2311 806 2396 προθέσει
834 2335 869 2394 γε
899 2311 997 2395 οἰκείᾳ
1023 2313 1362 2395 προκατασκευάζοντες
1391 2310 1442 2374 διὰ

327 2413 386 2469 τῶν
411 2407 531 2470 οἰκείων
554 2407 675 2472 παθῶν.
720 2411 763 2477 ώς
783 2408 840 2492 γὰρ
864 2413 918 2472 τοῦ
936 2412 1093 2492 ικαυτῆρος
1114 2407 1173 2493 οὐχ
1195 2409 1211 2471 ό
1236 2409 1338 2494 ἰατρὸς
1359 2416 1443 2474 ποιεῖ

327 2505 378 2566 τδν
404 2502 510 2587 καιρόν
537 2525 570 2566 τε
595 2505 646 2567 καὶ
668 2506 721 2587 τήν
744 2507 869 2591 χρείαν,
898 2503 978 2569 ἀλλά
1000 2508 1033 2570 τδ
1059 2506 1258 2589 ὑποκείμενον
1282 2507 1371 2577 ἕλκος
1391 2509 1442 2572 καὶ

327 2603 378 2664 τδν
407 2603 508 2685 ἰατρὸν
540 2601 692 2684 ἐπείγεται
717 2606 769 2667 καὶ
795 2605 846 2667 τὸν
871 2608 1010 2688 καυτῆρα
1030 2607 1152 2680 καλεῖ,Ι
1168 2603 1250 2666 οῦτω
1272 2605 1309 2688 δὴ
1332 2605 1441 2670 καὶτὰ

276 2717 312 2770 οι)
329 2698 507 2783 ἀνθρώπινα
534 2701 618 2784 πάθη
646 2704 844 2785 προκαλεῖται
871 2705 930 2764 τῶν
960 2701 1003 2770 εἰς
1033 2701 1200 2785 θεραπείαν
1229 2701 1440 2766 συντεινόντων

327 2787 411 2881 παρὰ
439 2797 515 2860 θεοῦ
542 2799 595 2882 τὴν
621 2798 815 2884 ἐπιμέλειαν,
843 2800 952 2883 ἥκιστά
971 2819 1005 2882 γε
1027 2798 1219 2884 ἀνεχομένου
1242 2803 1302 2863 τῶν
1323 2800 1441 2886 ἀνθρώ·

327 2916 392 2957 πων
415 2897 473 2974 (ῶς
494 2897 609 2960 οἰκείου
630 2894 738 2981 ἔργου)
761 2898 802 2982 μὴ
827 2897 877 2960 διδ
899 2896 1012 2964 παντὸς
1033 2899 1187 2980 προνοεῖν.
1216 2895 1365 2983 ἐπέτρεψε
1386 2899 1440 2982 μὲν
1532 2932 1534 2936 ·
1621 2973 1622 2988 γ

326 2992 384 3078 γὰρ
414 2993 589 3078 ἀνθρώποις
617 2998 670 3077 τής
698 2994 809 3078 ἀρετῆς
834 2995 885 3056 καὶ
916 2997 970 3076 τῆς
1001 2993 1232 3076 καλοκαγαθίας
1264 2993 1440 3079 ἐλευθέριον

327 3089 409 3175 ἔχειν
438 3091 491 3173 τὴν
519 3090 644 3174 αἰρεσιν.
688 3092 841 3176 ῦπερείδει
871 3089 974 3174 μέντοι
1000 3091 1033 3154 τδ
1059 3093 1135 3174 πρὺς
1156 3090 1193 3154 τὰ
1215 3091 1300 3176 πάθη
1325 3091 1439 3176 σαθρὸν

276 3200 311 3252 ‘25
328 3189 416 3272 ήμῶν
442 3187 481 3251 δι’
504 3188 547 3249 ῶν
567 3187 702 3272 ἐναργῶς
724 3187 802 3251 ἔστιν
829 3189 880 3252 ότε
904 3189 1075 3268 νο[υ]θετεῖ
1093 3187 1143 3250 καὶ
1161 3187 1345 3272 ἐπιπλήττει,
1370 3187 1441 3253 οῦτε

327 3287 474 3370 διηνεκῶς
497 3287 619 3368 ἐπάγων
639 3285 677 3347 τὰ
699 3284 921 3370 αὐστηρότερα,
945 3285 994 3348 ίνα
1016 3287 1056 3370 μὴ
1080 3291 1118 3370 πή
1141 3286 1256 3370 ἀνάγκη
1279 3291 1332 3370 τῆς
1351 3309 1441 3371 κατη·

207 3397 210 3402 “
264 3448 267 3452 ,
327 3385 417 3468 φείας
444 3387 478 3449 τδ
508 3381 684 3466 ἐλευθέριον
715 3382 850 3468 ἐκβάλη,
885 3382 956 3448 οὔτε
988 3383 1101 3470 ἄφετον
1131 3385 1228 3468 πάντη
1257 3385 1310 3467 τήν
1342 3385 1440 3469 ὁρμὴν

326 3484 379 3562 τῆς
402 3482 559 3566 ῥηστώνης
584 3481 656 3564 ἡμῖν
683 3482 938 3562 καταλιμπάνων,
968 3481 1017 3545 ἵνα
1045 3483 1091 3566 μή
1111 3481 1165 3552 τάς
1183 3483 1356 3566 γπρολήψεις
1379 3485 1439 3545 τῶν

326 3577 435 3640 παθῶν
458 3579 600 3646 ἀνιάτους
623 3577 682 3662 ἀφί
708 3600 717 3616 ·
751 3578 881 3662 ἑκάτερα
905 3580 940 3642 δὲ
962 3579 1085 3666 ἀρρήτῳ
1111 3580 1205 3666 σοφίᾳ
1226 3580 1302 3664 πρὸς
1323 3578 1440 3663 ἀνθρώ·

274 3687 310 3741 30
325 3697 391 3736 πων
408 3675 564 3760 ὠφέλειαν
581 3676 747 3759 οἰκονομεῖ,
770 3675 898 3740 ἑκάστου
916 3677 967 3741 τδν
983 3677 1092 3742 δέοντα
1108 3677 1212 3760 καιρδν
1231 3677 1440 3760 ἐπιστάμενος.
1534 3674 1536 3678 ’
1621 3671 1622 3742 ζ

325 3769 375 3842 25.
404 3771 514 3834 αἰιτίκα
537 3771 614 3840 ίδοις
636 3771 671 3835 ἀν
697 3777 820 3859 σεισμὸν
844 3776 863 3860 ή
887 3775 1011 3860 ὄμβρων
1034 3773 1153 3838 ἔνδειαν
1180 3775 1199 3858 ἢ
1222 3775 1354 3860 ἀκριδων
1379 3773 1439 3836 ἐπι-

327 3870 444 3954 φοράν,
480 3870 531 3933 καί
563 3870 629 3953 ἀμα
663 3872 775 3954 σχεδδν
810 3873 946 3942 ἅπαντας
974 3871 1159 3956 ἀνθρώπους
1180 3873 1257 3958 πρδς
1279 3871 1440 3959 εὐλάβειαν

326 3965 574 4050 ἐπικλινομένους
599 3969 746 4054 καὶπρὸς
767 3971 882 4035 ἱκεσίαν
904 3975 959 4035 τοῦ
982 3973 1162 4054 μεταγαγεῖν
1184 3969 1368 4033 τὰτοιαῦτα
1391 3971 1439 4034 δυ-

325 4063 470 4147 ναμένου.
515 4066 542 4128 εἰ
571 4065 606 4128 δὲ
633 4067 671 4131 τὰ
702 4069 756 4152 μὲν
786 4071 937 4132 δοκοῦντα
968 4066 1109 4150 συνήθως
1135 4066 1215 4150 ήδέα
1243 4069 1294 4130 καί
1321 4068 1440 4153 χρηστὰ

274 4149 376 4230 υέτδν
407 4162 599 4246 ἀνθρώπινον
630 4168 774 4250 λογισμὸν
804 4166 920 4247 ῦπτιοῖ,
952 4166 990 4229 τὰ
1020 4165 1055 4228 δὲ
1081 4165 1191 4250 ἀνιαρὰ
1220 4166 1361 4249 διεγείρει
1390 4166 1441 4230 καὶ

327 4259 489 4344 συστρέφει
505 4266 581 4347 πρὸς
599 4263 821 4349 εὐσεβεστέραν
839 4265 1039 4340 κατάστασιν,
1063 4267 1130 4332 πῶς
1149 4262 1206 4327 οὐκ
1226 4263 1261 4326 ἀν
1278 4286 1321 4332 τις
1338 4263 1440 4328 έκεῖνο

326 4357 380 4440 μὲν
404 4357 480 4443 ὑπὲρ
501 4362 664 4445 σωμάτων,
685 4365 781 4424 ταῦτα
804 4361 838 4424 δὲ
858 4361 934 4446 ὑπὲρ
955 4366 1062 4448 ψυχῶν
1083 4361 1159 4446 φαίη
1178 4359 1347 4445 πρὸςθεοῦ
1367 4362 1439 4424 διοι-

324 4454 462 4533 κεῖσθαις
496 4456 545 4542 ἀρ’
569 4455 625 4521 οῦν
652 4457 690 4522 τὰ
717 4458 904 4542 διεγείροντα
935 4459 1037 4544 ψυχὰς
1063 4459 1107 4527 εἰς
1139 4457 1359 4544 εδσέβειάντε
1389 4458 1441 4520 καί

327 4553 436 4637 ἀρετὴν
463 4553 591 4639 κλητέον
615 4556 711 4632 κακά;
742 4552 798 4641 κᾷν
824 4555 883 4641 γὰρ
908 4560 947 4640 πή
973 4555 1115 4640 αἰσθήσει
1143 4560 1212 4619 τῶν
1230 4553 1440 4640 ὑποκειμένων
