3517 5434
402 737 420 791 6
837 739 1015 813 Ποιμάνδρης.
1356 764 1409 814 cap⁴
1432 745 1459 816 1,Ι

401 891 474 971 θώς
497 890 664 973 ἠθέλησεν
686 892 706 958 ὁ
728 896 820 972 νοῦς,
841 898 899 960 καὶ
922 894 942 976 ή
964 899 1008 980 γῆ
1029 893 1198 981 ἐξήνεγκεν
1220 896 1280 962 ἀπ’
1306 897 1409 979 αὐτῆς
1432 896 1455 964 οἳ

400 1000 463 1090 εἶχε
485 1005 552 1084 ζῶα
574 1000 769 1092 τετράποδα,
791 1003 919 1093 ἑρπετά,
942 1009 1051 1094 θηρία
1074 1002 1175 1094 σ’ίγρια
1197 1011 1253 1074 καὶ
1275 1005 1389 1096 ἥμερα.

264 1095 269 1107 ¹
316 1116 374 1183 '12
460 1114 497 1180 ‘0
520 1117 554 1182 δὲ
577 1112 711 1182 πάντων
732 1111 842 1205 πατήρ
866 1115 885 1182 ὁ
909 1119 1000 1197 νοῦς,
1024 1116 1069 1184 ὢν
1092 1113 1156 1201 ζωή
1180 1122 1236 1186 καὶ
1258 1123 1343 1210 φῶς,
1373 1119 1488 1188 ἀπε-3

398 1224 517 1308 κύησιν
538 1222 723 1312 ἄνθρωπον
744 1232 850 1312 ἑαυτῷ
863 1227 946 1308 ἴσον,
970 1221 1010 1296 οὗ
1023 1227 1163 1318 ήροίσθη
1180 1230 1223 1307 ὡς
1238 1233 1323 1297 ἰδίου
1339 1229 1454 1298 τόκου·
1604 1231 1605 1298 l

398 1334 592 1425 περικαλλὴς
613 1335 677 1427 γὰρ
700 1331 751 1420 ἦν,
774 1337 834 1420 τὴν
856 1344 917 1405 τοῦ
944 1337 1070 1429 πατρὸς
1099 1338 1208 1406 εἰκόνα
1231 1348 1320 1427 ἔχων.
1352 1337 1455 1420 ὅντως

175 1443 278 1523 :uuit
398 1444 462 1536 γολρ
491 1452 547 1515 καὶ
576 1445 707 1536 &jede
740 1447 882 1536 ἠράσθη
904 1454 964 1538 τῆς
993 1454 1079 1528 ίδίας
1105 1456 1253 1544 μορφῆς,
1287 1456 1344 1518 καὶ
1372 1451 1488 1543 αὐτῇὸ

331 1558 371 1626 13
395 1560 561 1645 παρέδωκε
584 1558 626 1624 τοί
648 1563 768 1626 ἑαυτοῦ
788 1558 899 1626 ποίντα
929 1560 1212 1648 δημιουργήματα.
1241 1559 1455 1642 κατανοήσας

398 1672 432 1736 δὲ
454 1665 515 1750 τήν
543 1671 603 1735 τοῦ
631 1672 833 1758 δημιουργοῦ
859 1675 966 1740 κτίσιν
994 1674 1098 1756 ἐντῷ
1125 1677 1241 1763 πατρί,
1271 1671 1452 1759 ἠβουλήθη

396 1783 453 1847 καὶ
474 1778 574 1858 αὐτὸς
596 1783 814 1869 δημιουργεῖν.
836 1786 893 1850 καὶ
916 1781 1133 1872 ἀπεχωρίσθη
1156 1779 1224 1851 ἀπὸ
1245 1785 1305 1852 τοῦ
1318 1782 1453 1872 πατρός,
1471 1799 1487 1848 9

365 1893 370 1900 ’
395 1889 572 1978 γενόμενος
600 1899 636 1958 ὲν
663 1897 703 1986 τῇ
731 1896 942 1987 δημιουργικῇ
966 1898 1112 1987 σφαίρᾳ·
1141 1898 1222 1982 ἔχων
1249 1892 1311 1978 τήν
1339 1899 1454 1962 πᾶσαν

397 2003 550 2084 ἐξουσίαν
577 2001 756 2086 κατενόησε
785 2008 851 2072 τῶν
873 2004 1026 2097 ἀδελφοῖν
1050 2002 1091 2072 τοί
1114 2005 1396 2094 δημιουργήματα.
1421 2013 1453 2074 οἱ

396 2118 431 2182 δὲ
458 2113 666 2202 ήροίσθησαν
695 2115 814 2183 αὐτοῦ·
848 2124 985 2193 ἕκαστος
1013 2119 1048 2184 δὲ
1075 2120 1247 2201 pereffluit
1280 2120 1339 2196 τῆς
1367 2120 1453 2194 ίδίας
1471 2136 1505 2186 12

395 2223 526 2304 τάξεως.
548 2228 604 2290 καὶ
625 2223 838 2310 καταμαθών
859 2223 920 2306 τήν
943 2224 1066 2291 τούτων
1089 2223 1215 2302 οὐσίαν,
1237 2229 1293 2289 καὶ
1307 2229 1451 2309 μεταλα-

395 2330 465 2422 βιδν
486 2337 546 2416 τῆς
568 2332 677 2400 αὐτῶν
706 2332 834 2424 φύσεως
862 2332 1042 2420 ἠβουλήθη
1071 2332 1258 2424 (irrep-effici
1278 2329 1340 2414 τήν
1361 2359 1452 2420 περι-

395 2452 532 2539 φέρειαν
553 2447 619 2512 τῶν
642 2441 782 2524 κύκλων,
810 2448 867 2539 καὶ
890 2441 927 2512 τὸ
951 2440 1072 2527 κράτος
1093 2446 1153 2510 τοῦ
1174 2449 1376 2532 ἐπικειμένου
1398 2451 1451 2514 ἐπὶ
1469 2465 1503 2517 15

394 2561 456 2626 τοῦ
476 2553 580 2647 πυρὰς
601 2558 841 2634 καταπονῆσαι.
1474 2570 1485 2599 ε

467 2674 490 2726 l.
509 2671 527 2740 ἦ
546 2669 590 2738 γη]
609 2671 644 2721 sic
662 2669 728 2721 Patr.
748 2688 799 2722 om.
817 2668 918 2738 reliqui.
982 2669 1007 2721 3.
1027 2671 1073 2722 καί
1091 2665 1157 2740 φῶς]
1176 2669 1318 2742 γράφεται·
1337 2674 1381 2724 καί
1399 2669 1450 2743 φῦ-

464 2776 505 2816 σνς
522 2776 599 2820 marg.
618 2755 649 2807 B.
720 2753 745 2805 4.
764 2753 835 2821 ίσονΙ
854 2752 948 2825 ὅμοιον
967 2754 1035 2808 Patr.
1056 2751 1069 2824 ll
1107 2750 1234 2827 ἠράσθην
1253 2759 1285 2809 Α.
1361 2759 1385 2810 5.
1404 2753 1448 2828 ἦν]

463 2841 498 2892 sic
516 2841 582 2892 Patr.
595 2861 646 2892 om.
665 2840 765 2910 reliqui.
846 2841 871 2894 6.
891 2837 973 2916 adep]
991 2841 1026 2894 sic
1045 2842 1110 2895 Patr.
1130 2838 1202 2912 αὐτῷ
1221 2844 1258 2906 Β,
1280 2863 1331 2898 om.
1350 2845 1449 2914 reliqui.

463 2925 488 2979 8.
507 2924 601 2995 κτῆσιν
619 2927 675 2980 ΑΒ.
694 2922 710 2997 Η
745 2927 841 3001 πατρί]
859 2933 943 2982 παντί
960 2930 1026 2984 Patr.
1084 2929 1109 2982 9.
1129 2925 1317 3001 ἀπεχωρίσθη]
1335 2931 1371 2984 εἰσ
1383 2932 1448 2984 Patr·

464 3010 637 3086 συνεχωρήθη
653 3014 756 3084 reliqui.
839 3016 881 3068 10.
905 3014 978 3083 ἔχων]
998 3019 1022 3076 ἐξ
1040 3007 1073 3070 uir
1092 3016 1149 3068 AB.
1175 3028 1181 3040 “
1235 3016 1275 3070 ll.
1295 3018 1448 3088 narravique]

463 3097 499 3149 sic
516 3099 597 3162 Patr..
614 3100 756 3170 κατενόησε
775 3104 821 3154 καὶ
836 3101 872 3164 Β,
891 3105 1056 3172 κατανοῆσαι
1073 3101 1173 3171 reliqui.
1193 3097 1206 3169 ll
1250 3105 1301 3154 τῶν
1318 3100 1447 3172 ἀδελφῶν]

463 3187 513 3238 τοῦ
534 3182 652 3257 ἀδελφοῦ
675 3188 734 3250 ΑΒ,
761 3185 811 3239 τῶν
833 3188 904 3240 insci
926 3187 993 3257 Patr.
1109 3188 1150 3238 l‘d.
1177 3185 1299 3251 incusor]
1326 3187 1449 3256 ἑκάτερος

462 3291 539 3337 marg.
559 3273 589 3324 B.
640 3271 792 3338 14.αι’πῶν]
812 3271 911 3324 ἑαυτῶν
930 3275 951 3322 Α
971 3273 1049 3324 Turn.
1070 3274 1134 3324 Patr.
1190 3270 1231 3322 16.
1250 3269 1300 3322 τοῦ
1318 3292 1369 3322 orn.
1389 3275 1418 3322 Α,
1433 3265 1446 3336 ΙΙ

463 3354 631 3423 κατανοησαι
651 3359 673 3406 Α
691 3357 770 3405 Turn.
790 3355 856 3406 Patr.

392 3446 444 3503 luit
460 3446 520 3522 ipsa
538 3463 627 3510 meus,
651 3453 678 3498 et
696 3453 766 3498 terra
783 3443 913 3522 produxit
931 3465 945 3499 e
964 3463 995 3499 se
1017 3464 1084 3519 quac
1108 3442 1223 3498 habebat
1245 3441 1366 3498 animalia
1386 3464 1449 3519 qua·

393 3531 522 3610 drnpeda‚
540 3531 686 3606 serpentia,
705 3529 807 3584 bestias
826 3530 896 3585 feras
915 3550 946 3585 ac
964 3531 1074 3584 cicures.

445 3619 573 3676 Omnium
584 3633 650 3670 vero
667 3623 745 3692 pater
762 3635 846 3682 mens,
866 3635 925 3670 cnm
945 3623 1018 3670 esset
1035 3615 1090 3668 vita
1110 3623 1137 3668 et
1154 3609 1212 3679 lux,
1231 3617 1384 3690 procreavit
1401 3615 1448 3671 lio·

391 3710 489 3764 minem
507 3704 561 3760 sibi
572 3697 693 3764 similem,
713 3720 793 3776 quem
811 3699 943 3756 adamavit
956 3709 985 3756 ut
996 3701 1136 3776 proprium
1149 3709 1268 3774 partum3
1286 3702 1448 3779 perpulcher

393 3793 463 3848 enim
482 3798 551 3854 erat,
575 3787 661 3862 patris
679 3787 818 3861 imaginem
837 3787 948 3842 habens.
967 3805 1060 3841 revera
1080 3785 1149 3839 enim
1168 3787 1248 3841 etiam
1266 3786 1332 3843 deus
1351 3787 1448 3844 dilexit

391 3877 529 3954 propriam
547 3869 671 3939 formem,
695 3873 773 3947 eique
791 3872 902 3928 tradidit
919 3871 1007 3926 omnia
1026 3890 1074 3926 sua
1092 3870 1206 3948 opificia.
1229 3893 1342 3947 cumque
1359 3882 1448 3927 mente

393 3957 642 4038 comprehendisset
660 3957 767 4036 opificis
791 3958 918 4016 facturam
937 3957 964 4011 in
981 3966 1073 4034 petre,
1095 3955 1182 4013 voluit
1200 3960 1305 4034 etipse
1323 3956 1446 4013 condere.

392 4057 421 4104 et
438 4054 593 4122 segregatus
612 4054 655 4100 est
672 4066 687 4100 a
704 4054 791 4121 patre,
810 4043 922 4098 relictus
941 4044 969 4098 in
988 4041 1115 4120 opificiali
1128 4042 1250 4120 sphaera.
1268 4042 1369 4097 habens
1381 4063 1445 4098 vero

393 4152 498 4190 omnem
516 4139 678 4208 potestatem
697 4129 879 4187 consideravit
897 4127 1008 4184 fratrum
1031 4128 1146 4206 opificia.
1170 4129 1223 4205 ipsi
1241 4149 1305 4184 vero
1331 4149 1390 4185 eum
1409 4129 1446 4185 di·

393 4220 530 4284 luerunt,
554 4225 581 4272 et
599 4215 698 4292 singuli
720 4216 878 4292 participem
901 4215 944 4270 sui
967 4213 1069 4270 ordinis
1092 4213 1219 4270 lecerunt.
1239 4235 1352 4292 cumque
1370 4214 1448 4272 intel·

390 4305 505 4364 lexisset
523 4302 619 4358 lrnrum
637 4304 794 4368 essentiam,
819 4310 846 4355 et
863 4302 1000 4378 particeps
1018 4299 1104 4355 lactus
1128 4309 1202 4356 esset
1220 4322 1310 4358 eurum
1328 4313 1445 4370 naturae,

391 4385 478 4448 voluit
499 4406 673 4467 perrumpere
700 4386 939 4450 circumferentiam
969 4386 1141 4457 circulorum,
1170 4397 1198 4443 ct
1219 4391 1364 4466 potentiam
1379 4391 1445 4452 „eius

392 4477 439 4551 qni
457 4477 512 4551 igni
531 4473 631 4532 insidet
648 4491 784 4549 superare.
1599 4473 1600 4528 l
