3517 5434
334 654 361 706 ε
379 651 505 732 ευ-ιει
872 637 914 708 24

334 810 388 870 τοῦ
404 803 561 888 μανέντας,
583 805 625 870 ῶς
649 803 680 866 οἰ
699 805 753 884 τῆς
776 801 862 885 ῦλης,
886 800 1105 884 αἰσθανόμενοι
1123 800 1169 864 ότι
1184 803 1286 870 κακῶς
1301 801 1453 866 ἀπολοῦν-

334 926 394 979 ται,
421 906 476 964 τοῦ
506 902 609 985 φωτὸς
638 898 716 962 κατά
738 900 843 983 μικρὸν
867 898 1122 984 ἀφαιρουμένου,
1157 899 1452 984 ἀντεμηχανήσαντο

334 1005 388 1084 τῆς
410 998 523 1081 σαρκός
542 997 597 1080 τῆν
619 998 822 1081 κατασκευήν,
846 998 959 1079 δεσμὸν
985 995 1125 1078 μέγιστον
1147 999 1214 1063 ταῖς
1228 1000 1352 1082 ψυχαῖς,
1373 996 1463 1058 ῶστε-

335 1098 428 1180 δῆλον
451 1094 530 1160 κατὰ
549 1097 599 1160 τὸν
623 1095 717 1160 αὐτοῦ
749 1092 857 1177 λόγον,
888 1094 949 1161 ἕως
970 1091 1005 1156 ἀν
1031 1093 1142 1172 ἐκεῖνοι
1163 1094 1216 1176 τῆν
1241 1095 1340 1178 σάρκα
1359 1115 1453 1178 χορη-

301 1196 486 1280 δγήσωσιν,
521 1193 581 1262 ἕως
606 1193 645 1277 δὴ
672 1191 782 1256 τοότου
813 1193 845 1256 αἱ
864 1191 963 1276 φυχαί
984 1196 1039 1254 τοῦ
1059 1191 1178 1273 ἀγαθοῦ
1203 1189 1454 1276 ἐνσχεθῆσονται,

335 1293 386 1356 καὶ
408 1290 493 1356 ἔσται
518 1291 570 1354 ἐπ’
594 1291 721 1356 ἐκείνοις
749 1289 783 1351 τδ
808 1282 849 1372 μῆ
874 1293 1100 1374 περιγραφῆναι
1122 1287 1226 1373 χρόνῳ
1247 1289 1298 1351 τδν
1325 1287 1454 1372 κόσμον,

336 1389 407 1474 οἰιχί
426 1390 461 1452 δὲ
480 1389 530 1453 έπί
550 1392 594 1474 τιγῖ
617 1386 728 1470 ἀγαθῷ
750 1386 784 1448 τὸ
807 1385 896 1454 τέλος
919 1387 1025 1450 αὐτοῦ.
1079 1384 1130 1460 δῦ,
1167 1385 1196 1446 τί
1215 1384 1243 1448 δ’
1269 1384 1304 1448 ἂν
1322 1386 1396 1470 φαίη
1411 1407 1454 1456 τις

335 1491 472 1570 συνορῶν
503 1490 546 1555 ῶς
572 1485 632 1569 οῦχ
656 1483 777 1546 ἵσταταί
801 1507 851 1546 πω
878 1484 970 1567 λόγος
992 1489 1036 1570 τηῖ
1057 1485 1191 1567 μανέντι,
1214 1483 1282 1546 ἀλλ’
1309 1483 1372 1546 ῶδε
1401 1481 1453 1567 κηί-

336 1586 421 1648 κεῖσε
457 1582 663 1666 μεταγόμενος
696 1580 749 1663 ὑφ’
778 1580 892 1644 ἑαυτοῦ
922 1579 1131 1666 διελέγχεταιγ.
1164 1586 1218 1644 τοῦ
1248 1579 1306 1663 γὰρ
1334 1579 1453 1664 κόσμου

286 1688 320 1743 1⁰
339 1682 524 1765 δημιουργόν
552 1680 681 1765 φάσκων
705 1677 784 1740 εἰναι
809 1679 860 1741 τὸν
887 1678 978 1756 θεὸν,
1009 1679 1094 1749 όπως
1123 1677 1175 1743 οῦν
1202 1677 1290 1746 αὖθις
1307 1677 1378 1746 τοῦς
1400 1681 1455 1761 τῆς

338 1779 412 1861 ὕλης
442 1779 534 1862 φησὶν
561 1775 744 1839 ἀντιτιθέναι
772 1775 857 1861 αῦτηῖ
884 1776 936 1859 τῆν
966 1778 1082 1860 σάρκα,
1106 1779 1211 1861 ῶσπερ
1235 1777 1311 1840 θεοῦ
1335 1780 1453 1860 μεριζο-

337 1875 431 1961 μένου
453 1877 530 1960 πρδς
558 1873 694 1942 ἐκείνους
723 1873 776 1955 τὴν
797 1872 997 1958 δημιουργίαν
1025 1877 1075 1938 καί
1097 1873 1174 1938 κατὰ
1195 1877 1284 1936 τοῦτο
1309 1874 1363 1956 μὲν
1387 1875 1454 1959 βίαν

337 1973 561 2058 ὑπομένοντος,
588 1976 627 2056 τῆ
656 1971 691 2034 δὲ
717 1970 794 2054 πρὸς
824 1969 936 2039 αὐτοὺς
963 1970 1114 2036 ἀντιδόσει
1144 1973 1178 2035 τὸ
1207 1976 1284 2048 πᾶν,
1319 1971 1355 2036 οἰι
1378 1969 1456 2034 κατὰ

335 2075 459 2156 γνώμην
485 2071 575 2148 ἰδίαν,
600 2071 861 2152 συμπληροῦντος.
907 2070 949 2136 ῶς
973 2067 1008 2130 δὲ
1036 2073 1089 2151 τῆς
1112 2068 1293 2136 ὑποθέσεως
1315 2069 1455 2151 ἐπιλελη-

287 2175 320 2233 1⁵
339 2169 449 2253 σμένος
474 2170 490 2232 ό
519 2168 635 2236 πλάνος
663 2170 717 2248 τῆς
742 2165 869 2241 ἑαυτοῦ,
894 2163 1035 2248 ὀλέθριον
1059 2171 1098 2250 τῆ
1129 2167 1187 2251 ὕλη
1213 2168 1310 2250 φησὶν,
1328 2165 1457 2230 ἔσεσθαι

336 2271 389 2350 τῆς
411 2265 578 2350 κραθείσης
599 2264 679 2358 αὐτῆ
699 2263 861 2345 δυνάμεως
878 2264 932 2346 τῆν
958 2263 1130 2347 ἀφαίρεσιν,
1155 2264 1194 2328 δι’
1208 2264 1246 2348 ῆς
1266 2262 1360 2345 αὐτὴν
1385 2261 1455 2326 ὑπέ-

337 2363 409 2426 θετο
437 2363 490 2444 τὴν
521 2362 619 2445 ἀρχὴν
651 2361 841 2422 ἀτακτοῦσαν
865 2360 1133 2480 σωφρονισθῆναι·
1176 2363 1203 2424 εἰ
1234 2359 1291 2444 γὰρ
1312 2364 1456 2444 παροῦσα

337 2458 522 2541 δεσμεόει
495 2480 548 2541 την
560 2457 709 2520 κακίαν
670 2460 901 2540 ,αναχωροῦσα
913 2456 1035 2520 πάλιν’
1018 2457 1119 2542 ανίησι
1131 2455 1217 2520 καῖ’
1200 2480 1286 2521 εσται
1298 2458 1365 2520 λίαν
1378 2457 1456 2522 κατὰ

336 2558 389 2640 τῆν
412 2556 637 2640 ἀρχαίαν..
650 2553 842 2627 ...ww
852 2551 957 2616 ,τοῦτ’
970 2553 1033 2616 ἐστὶ
1051 2559 1151 2640 χαραῖς
1174 2556 1255 2618 αἰτία
1277 2556 1379 2639 καίτῆ
1396 2555 1455 2674 μλη

286 2654 358 2735 ωῆ
380 2651 527 2735 ταότης’
510 2599 680 2736 αφαίρεσίς.
705 2651 725 2714 ἀ
748 2652 799 2715 οἶα
819 2652 896 2736 πρδς
915 2652 1029 2736 ῆδονῆς
1044 2651 1290 2738 ἀφαιρουμένης·
1312 2654 1341 2716 εἰ
1356 2653 1455 2716 τοίνυν

237 2740 240 2744 ⁴
339 2748 376 2812 οῦ
398 2748 483 2834 παρὰ
513 2749 547 2812 τδ
570 2747 675 2827 τέλος,
701 2749 787 2833 όμως
808 2748 894 2818 ἐλπὶς
917 2749 996 2836 αῦτῆ
1024 2750 1184 2836 τυγχάνει,
1214 2750 1260 2814 ἵνα
1284 2751 1361 2835 πρὸς
1381 2749 1454 2812 θεδν

339 2846 508 2930 ἐπανέλθη,
531 2846 751 2932 διαζευχθεῖσα
771 2846 878 2925 αὐτοῦ,
890 2847 919 2910 τί
932 2848 985 2932 τὴν
1007 2847 1104 2932 ἀρχὴν
1118 2849 1304 2933 ἀφωρίζετο,
1325 2845 1455 2910 ἄπλετον

339 2945 438 3010 αἰῶνα
469 2945 616 3031 ὑποσχεῖν
645 2945 773 3028 μάταιον
799 2942 894 3008 πόνον
921 2947 972 3008 καὶ
1004 2945 1097 3029 ῥύπον
1126 2947 1219 3008 κακὸν
1241 2946 1292 3008 καὶ
1315 2944 1379 3008 ἀντί
1406 2967 1455 3028 με·

338 3044 440 3126 γίστης
462 3041 585 3111 ἐλπίδος
614 3043 666 3106 καὶ
690 3042 914 3128 μακαριότητος
935 3042 1076 3106 τίθεσθαι
1098 3043 1132 3104 τὸ
1165 3040 1253 3110 αὖθις
1276 3042 1456 3127 ἀναληφθῆ-

287 3153 323 3210 ffi
341 3163 406 3216 ναις
437 3141 456 3223 ῆ
485 3137 542 3222 γὰρ
573 3139 630 3222 όλη
661 3139 752 3203 οὐδέν
785 3162 821 3223 γε
851 3139 992 3222 οὐδαμοῦ
1021 3140 1173 3204 δέδεικται
1196 3140 1457 3224 σωφρονισθεῖσα,

338 3238 512 3302 τούναντίον
535 3237 590 3320 μὲν
612 3235 665 3325 οῦν
688 3238 829 3306 πλείονος
851 3234 1010 3320 λαβομένη
1032 3241 1085 3318 τῆς
1107 3237 1247 3306 ἐξουσίας
1268 3235 1344 3320 εἰ[ς]
1365 3260 1457 3322 πονη·

341 3340 402 3419 ρῶν
423 3332 521 3419 ἔργων
545 3334 691 3399 ἐπίνοιαν.
715 3333 784 3396 ἀλλ’
808 3331 872 3395 ἔδει
894 3332 1000 3416 (φησι)
1023 3334 1150 3415 δεθῆναι
1166 3333 1294 3414 ταύτην·
1317 3334 1388 3396 όταν
1403 3334 1457 3398 οῦν

310 3445 315 3456 ’
340 3432 531 3517 ἀποσπασθῇ
559 3433 637 3495 κατά
663 3432 768 3516 μικρδν
794 3430 812 3510 ῆ
840 3428 1032 3511 κατεχομένη
1064 3428 1208 3510 δύναμις,
1234 3427 1264 3490 τί
1279 3429 1457 3513 γενῆσεταις

341 3529 473 3614 εὔδηλον
502 3534 544 3598 ῶς
570 3526 658 3596 αὖθις
684 3529 705 3610 ἡ
727 3527 785 3608 ῦλη
815 3525 892 3607 πρὸς
920 3524 973 3605 τῆν
997 3524 1127 3608 φυσικὴν
1151 3525 1274 3594 ἀταξίαν
1301 3524 1454 3609 ἐπανήξει.

287 3641 325 3696 ευ
343 3625 380 3690 οῦ
404 3649 505 3711 φησιν.
549 3626 580 3688 έν
609 3624 667 3708 γάρ
693 3628 737 3707 τῷ
766 3622 850 3686 τέλει
873 3622 1105 3706 περιγενήσεται
1138 3622 1250 3707 ταύτης
1274 3623 1326 3686 καί
1355 3625 1456 3710 βῶλον

340 3724 594 3807 ἀπεργασάμενος
621 3721 714 3803 αῦτῆν
738 3719 791 3805 ὑφ’
818 3720 929 3803 ἑαυτῆς
955 3718 1124 3805 φλέγεσθαι
1145 3723 1385 3804 παρασκευάσει.
1430 3724 1478 3786 τί·

341 3819 394 3884 οῦν
414 3821 468 3902 τὴν
495 3818 594 3903 ἀρχὴν
624 3816 665 3900 μῆ
695 3821 785 3880 τοῦτο
812 3817 996 3901 πεποίηκεν;
1028 3816 1079 3902 ἀρ’
1101 3818 1158 3882 οῦκ
1187 3818 1333 3905 ἐβούλετο
1356 3820 1376 3904 ῆ
1400 3820 1457 3886 οῦκ

342 3915 487 3990 ἐδόνατογ
509 3914 537 3976 εἰ
559 3914 613 3998 μὲν
635 3912 693 3998 γάρ
715 3915 756 4000 μὴ
779 3914 937 4000 ἐβούλετο,
960 3920 1026 3986 πῶς
1041 3914 1129 3986 αὖθις
1143 3919 1344 4003 βουλῆσεταις
1367 3942 1456 4004 μετα-

340 4010 431 4096 γνοῦς
449 4011 469 4095 ῆ
489 4011 523 4074 τδ
548 4009 666 4097 βέλτιον
691 4011 860 4097 ἐπικρίνας;
894 4013 951 4078 οῦκ
970 4013 1007 4099 ῆν
1032 4015 1138 4094 δὲκαὶ
1160 4014 1264 4084 άλλως
1284 4017 1361 4101 πρὸς
1385 4015 1456 4100 ἀγα-

290 4124 325 4180 36
344 4110 402 4172 θοῦ
423 4108 465 4191 μὴ
492 4108 545 4192 τῆν
578 4109 677 4194 ἀρχὴν
697 4111 854 4180 παντελῶς
881 4117 1071 4197 καταργῆσαι
1097 4111 1223 4188 κακίαν,
1251 4112 1314 4196 εἴγε
1340 4113 1405 4184 οἰός
1424 4137 1457 4178 τε

341 4206 389 4292 ῆν.
418 4206 446 4269 εἰ
468 4206 504 4270 δί
525 4206 567 4291 μὴ
591 4207 736 4290 ῆδόνατο,
764 4209 935 4294 ἀδυναμίας
957 4211 1011 4293 μὲν
1037 4210 1175 4286 κίνδυνος
1197 4209 1362 4274 ἀνακόπτει
1381 4212 1458 4276 κατὰ

341 4307 397 4368 τοῦ
419 4304 640 4388 πλασαμένου,
679 4311 745 4375 πῶς
768 4306 803 4372 δὲ
826 4306 912 4466 ὅμως
936 4306 1061 4392 ῦστεφόν
1084 4329 1159 4370 ποτε
1183 4307 1416 4391 δυνήσεται
1396 4331 1458 4394 αρα

341 4403 527 4488 προσλαβὼν
548 4403 721 4488 δόναμιν,“
705 4425 742 4487 ην
766 4427 808 4487 μη
832 4403 967 4490 εἰ,ηχεν
992 4403 1172 4488 ίηθείς
1156 4428 1175 4488 η
1201 4403 1338 4484 ἐπιδοόςς
1359 4407 1386 4469 εἰ
1399 4406 1456 4492 γὰρ

344 4498 519 4586 ἀγένητα
497 4525 594 4587 αμφω
614 4501 771 4580 τάναντία,
803 4499 965 4586 οὐδέτερον
998 4499 1068 4565 οὔτε
1091 4500 1265 4588 αυίησιν
1237 4501 1308 4566 οότε
1331 4504 1456 4588 μείωσιν
