3517 5434
855 699 895 759 01
1265 711 1289 762 B
1308 709 1433 768 sm&

318 871 372 949 τῆς
393 865 593 950 δημιουργίας
613 863 741 933 ούδενδς
761 865 795 928 τδ
817 864 907 948 ῆττον
932 863 1141 934 ἀπολαύοντες
1161 862 1325 949 ῆκόνηνται
1346 863 1434 948 μόνοι

318 963 386 1027 κατ’
408 964 504 1047 αὐτῆς
520 963 574 1046 τὴν
594 965 742 1045 γλῶτταν,
762 963 878 1046 μᾶλλον
897 964 931 1028 δὲ
947 961 1025 1026 κατὰ
1040 966 1095 1025 τοῦ
1111 960 1316 1046 πεποιηκότος
1329 962 1434 1046 αύτήν,

317 1061 369 1124 καὶ
396 1065 439 1130 ὡς
469 1059 606 1146 ἔχθιστοι
636 1064 691 1122 τοῦ
716 1060 794 1122 θεοῦ
817 1058 993 1144 μετέχουσι,
1017 1060 1069 1122 καὶ
1090 1061 1166 1144 πρδς
1190 1058 1264 1122 αύτό
1287 1083 1322 1142 γε
1344 1063 1433 1122 τοῦτο

318 1159 575 1241 ἀγανακτοῦντες,
608 1157 673 1221 ύτε·
686 1163 746 1220 τῶν
771 1155 806 1220 ἐκ
829 1162 883 1240 τῆς
905 1157 1104 1241 δημιουργίας
1127 1156 1157 1218 έν
1178 1157 1269 1242 χρείη
1287 1157 1435 1240 καθεστή-

316 1277 397 1318 κασι.
446 1256 500 1338 τῆν
528 1278 561 1319 τε
591 1254 789 1338 παιδογονίαν
822 1254 995 1339 ὑβρίζοντες
1025 1253 1077 1322 τὰς
1106 1254 1199 1336 μίξεις
1228 1253 1332 1322 αὐτοῖς
1359 1252 1469 1317 ἀνευύ

317 1375 353 1433 γε
373 1352 514 1435 ταύτης,
526 1399 626 1417 .....
650 1352 843 1439 συμβαίνειν,
873 1353 984 1416 δοῦλοί
1007 1374 1042 1435 γε
1073 1351 1156 1420 ὄντες
1186 1357 1240 1436 τῆς
1269 1352 1436 1436 ἀναγκαίας

320 1450 468 1534 διαδοχῆς
497 1452 574 1535 πρδς
601 1449 678 1513 θεοῦ
712 1447 1014 1534 νενομοθετημένης,
1056 1447 1125 1512 ἀλλ’
1160 1448 1196 1512 ού
1228 1454 1281 1532 τῆς
1310 1451 1433 1532 ἡδονῆς,

319 1547 430 1633 ἐχθροί
454 1571 489 1630 γε
516 1546 553 1610 τὰ
579 1548 678 1612 πάντα
707 1551 761 1630 τῆς
790 1548 929 1632 ἀληθοῦς
953 1548 1003 1610 καὶ
1025 1546 1151 1631 γνησίας
1173 1547 1285 1632 ἀρετῆς
1307 1548 1358 1610 καὶ
1382 1551 1435 1630 τῆς

319 1645 479 1730 εὐσεβείας
497 1644 597 1725 ὄντες,
624 1647 728 1727 ὥσπερ
751 1646 929 1729 αἰτιώμενοι
951 1647 984 1708 τὸ
1007 1645 1138 1717 ἀείζωον
1161 1650 1216 1710 τοῦ
1236 1650 1295 1710 τῶν
1315 1645 1434 1730 ἀνθρώ-

317 1766 384 1806 πων
409 1741 519 1825 γένους
543 1742 596 1804 καὶ
623 1740 808 1826 βουλόμενοι
839 1742 934 1805 αὐτοῦ
959 1765 1019 1805 που
1043 1747 1148 1826 στῆναι
1171 1744 1221 1806 τὸν
1243 1743 1359 1827 δρόμον
1381 1748 1435 1826 τῆς
1452 1751 1486 1804 1⁰

319 1840 453 1923 φύσεως,
471 1838 711 1922 νομοθετοῦντες
726 1844 770 1923 τῷ
789 1839 855 1922 θεῷ
873 1840 924 1902 καὶ
944 1840 1184 1922 ἀγανακτοῦντες
1200 1842 1276 1924 πρὸς
1290 1841 1343 1924 τὴν
1363 1841 1434 1922 ἀγα·

317 1936 451 2021 θότητα,
480 1936 520 2000 δι’
549 1936 587 2019 ῆν
616 1935 801 2005 ἀνεξικάκως
829 1933 896 2019 ἔχει
922 1937 998 2020 πρδς
1024 1937 1076 2020 τὴν
1100 1937 1200 2000 αύτιῖιν
1225 1938 1433 2022 βλασφημίαν.

317 2036 452 2118 καίτοιγε
482 2034 532 2098 διὰ
561 2037 651 2096 τοῦτο
681 2033 792 2118 φυσική
821 2055 865 2102 τις
892 2033 1069 2098 ἐνέστακται
1094 2038 1157 2102 τοῖς
1179 2037 1302 2118 σώμασι
1325 2035 1436 2119 μίξεως

318 2131 416 2217 όρεξις
427 2137 470 2202 ιίνς
483 2137 591 2215 μικροῦ
606 2132 682 2213 [δεῖ]
694 2131 810 2214 ἀνάγκη
823 2136 883 2193 τῶν
897 2134 950 2214 τῆς
964 2130 1087 2216 φύσεως
1097 2132 1270 2214 κινημάτων
1284 2132 1436 2217 φέρεσθαι

256 2252 258 2256 ·
317 2230 355 2293 τὰ
376 2229 444 2316 ξηῖα
462 2232 539 2314 πρὸς
557 2230 611 2314 τῆν
634 2234 687 2313 τῆς
707 2230 857 2314 διαδοχῆς
879 2228 1021 2312 ἐργασίαν
1043 2228 1280 2314 ὑπερβαλλούσῃ
1305 2235 1359 2293 τοῦ
1384 2231 1434 2314 δη·
1453 2239 1485 2292 15

318 2333 465 2412 μισυργοῦ
496 2327 607 2412 σοφίη,
637 2329 689 2391 καὶ
719 2332 810 2392 τοῦτο
832 2325 947 2395 θέντος.
988 2327 1093 2412 ἐπειδὴ
1121 2327 1177 2412 γάρ
1200 2325 1356 2412 μοχθηραὶ
1381 2328 1435 2410 μὲν

316 2427 447 2507 γυναιξὶν
478 2427 510 2490 αἱ
537 2428 661 2503 ὠδῖνες,
693 2425 851 2511 μοχθηραὶ
881 2423 916 2486 δὲ
944 2424 1072 2508 ἀνδράσι
1103 2447 1136 2488 τε
1164 2425 1215 2488 καὶ
1237 2424 1352 2508 γυναιξὶ
1374 2428 1434 2486 τῶν

316 2523 502 2606 γιγνομένων
526 2524 558 2587 αί
576 2524 758 2609 ἀνατροφαί,
782 2523 948 2604 ἀναγκαῖον
970 2523 1004 2586 δὲ
1024 2522 1091 2585 λίαν
1113 2524 1144 2586 αί
1160 2522 1315 2606 διαδοχαί,
1337 2523 1356 2604 ῆ
1378 2521 1433 2605 μὲν

317 2619 415 2705 ύρεξις
434 2626 572 2704 φυσικῶς
591 2625 716 2684 κινεῖται
737 2621 789 2697 καί
809 2618 922 2703 τρόπον
944 2619 1009 2682 τινὰ
1031 2621 1178 2705 βιάζεται,
1204 2621 1219 2682 δ
1238 2619 1272 2682 δὲ
1289 2621 1435 2703 λογισμὸς

318 2718 412 2786 όσίως
429 2718 553 2802 δέχεται
571 2716 823 2802 προύργιαιτέραν
835 2720 889 2798 τῆς
903 2717 1017 2798 ἡδονῆς
1029 2717 1186 2780 ποιεῖσθαι
1200 2717 1254 2800 τὴν
1271 2717 1431 2801 διαδοχήν.
1449 2729 1485 2784 w

317 2814 368 2876 καὶ
398 2814 532 2882 ἀναίτιος
555 2819 616 2877 τῦνν
647 2813 800 2897 σωμάτων
828 2813 848 2894 ῆ
875 2813 991 2894 ἡδονή,
1021 2811 1084 2895 εἴγε
1108 2813 1248 2898 λυγισμῷ
1275 2815 1326 2876 καὶ
1349 2812 1434 2899 νόμῳ

316 2914 372 2974 τοῦ
402 2912 587 2994 ποιήσαντος
616 2908 816 2992 ἀκολουθοίη.
862 2909 892 2970 οί
918 2909 953 2972 δὲ
977 2909 1030 2992 τὴν
1054 2909 1167 2992 ἡδονὴν
1193 2912 1341 2980 πολλάκις
1365 2934 1434 2994 καρ-
1504 2915 1506 2920 ’

317 3008 466 3092 πούμενοι
484 3011 518 3072 τδ
538 3007 590 3072 ἀπ’
612 3007 707 3090 αὐτῆς
727 3003 815 3090 ἔργον
838 3004 1012 3087 ἀναγκαίως
1032 3009 1155 3088 μισοῦσι
1174 3007 1230 3070 καὶ·
1239 3015 1435 3092 παρεγγυῶσι

316 3107 523 3191 παραγγελίαν
552 3111 618 3176 ταῖς
650 3103 856 3187 ἐπαγομένοις
891 3103 1120 3187 ἐφαλλομέναις
1155 3106 1350 3188 μαγγανείαις
1382 3104 1436 3174 τὰς

318 3205 485 3289 συλλήψεις
513 3201 660 3285 [έ]κλύειν
692 3225 725 3265 τε
746 3201 798 3264 καὶ
820 3201 930 3286 ῥίπτειν
951 3201 1092 3269 καὶτοὺς
1117 3201 1147 3263 ἐν
1171 3203 1238 3287 ὥρη
1260 3202 1368 3272 τόκους
1392 3204 1433 3287 μὴ
1451 3213 1486 3268 25

317 3301 492 3385 ἀναμένειν,
514 3306 558 3370 ὡς
575 3299 684 3364 τούτου
708 3321 744 3381 γε
767 3298 863 3384 μόνου
884 3299 985 3362 δεινοῦ
999 3299 1050 3362 καὶ
1060 3301 1201 3384 χαλεποῦ
1222 3302 1434 3385 τυγχάνοντος,

317 3397 426 3484 ἐχθροὶ
453 3405 506 3484 τῆς
538 3398 663 3485 φύσεως
691 3396 899 3483 ἐγηγερμένον,
929 3399 1045 3479 μᾶλλον
1074 3397 1108 3460 δὲ
1136 3400 1191 3460 τοῦ
1215 3397 1326 3482 ταύτην
1349 3393 1433 3482 δημι-

318 3498 538 3581 ουργήσαντος,
565 3497 616 3561 καὶ
642 3497 751 3580 μανίαν
780 3495 859 3560 κατά
888 3497 987 3559 τοῦδεΙ
1009 3499 1063 3560 τοῦ
1094 3495 1207 3563 παντὸς
1237 3493 1433 3580 ἐκμαθόντες.

315 3593 365 3667 67.
400 3596 453 3658 καὶ
485 3593 536 3657 διὰ
561 3595 606 3671 τί,
638 3594 747 3678 φασίν,
779 3593 945 3679 ἐνυπάρχει
971 3598 1034 3662 τοῖς
1062 3595 1200 3676 σόιμασιν
1229 3593 1249 3676 ἡ
1280 3595 1356 3678 πρὸς
1382 3592 1435 3662 τάς

318 3693 412 3776 μίξεις
431 3691 593 3775 ἐπιθυμίας
616 3697 682 3760 πῶς
701 3690 729 3754 δ’
751 3689 787 3754 ἀν
808 3689 922 3774 ὑπέστη
944 3695 996 3774 τῆς
1016 3691 1047 3754 ἐν
1067 3689 1154 3775 μέρει
1174 3711 1210 3772 γε
1228 3689 1432 3775 σωφροσύνης
1449 3704 1488 3759 30.

317 3789 351 3852 τὸ
374 3790 487 3857 κάλλος
511 3788 543 3852 ἐν
564 3789 755 3873 ἀνθρώποις,
785 3788 813 3850 εί
835 3789 876 3872 μὴ
901 3787 992 3872 φύσει
1016 3789 1070 3871 μὲν
1094 3787 1131 3872 ῆν
1153 3788 1187 3851 τδ
1212 3787 1361 3872 ἐρεθίζον,
1384 3789 1433 3850 λο-

317 3889 394 3971 γικιγῖ
418 3885 453 3948 δὲ
475 3883 700 3970 κατεχόμενον;
729 3889 790 3948 ποῦ
813 3884 840 3948 δ’
862 3883 900 3947 ἀν
923 3883 959 3970 ῆν
983 3885 1135 3970 παρθενία
1156 3885 1241 3970 παρὰ
1261 3885 1391 3968 γυναιξὶν
1413 3885 1433 3968 ῆ

316 3982 390 4067 παρ’
418 3982 562 4067 ἀνδράσιν
586 3981 805 4067 ἀπειρογαμία,
829 3982 883 4066 τῆν
903 3981 1006 4063 κοινὴν
1030 3981 1233 4066 σωφροσύνην
1253 3983 1434 4068 παρευδοκι·

182 4143 187 4150 ,
318 4085 439 4164 μοῦσα,
469 4081 498 4144 εί
524 4082 565 4165 μὴ
595 4082 741 4164 λογισμὸς
765 4081 871 4144 καὶτὸ
896 4079 972 4163 πρὸς
992 4077 1163 4164 ἁγιωσύνην
1188 4080 1311 4165 φιλτρον
1337 4078 1435 4166 εἶχενγ

318 4177 336 4240 ό
351 4200 387 4261 γε
403 4180 467 4247 τοῖς
487 4182 626 4262 φυσικοῖς
642 4181 855 4263 προσπαλαῖον
876 4173 1062 4260 νικηφόρους
1077 4176 1228 4246 ἀναδείξει
1243 4177 1315 4246 τοὺς
1331 4179 1434 4246 καλῶς
1451 4191 1485 4246 35

315 4275 369 4359 τῆν
391 4275 528 4359 ἔμφυτον
549 4274 713 4359 ἐπιθυμίαν
737 4273 950 4360 βιαζομένους,
974 4271 1011 4334 υύ
1032 4274 1108 4358 πρὸς
1129 4273 1214 4360 ύβριν
1231 4278 1285 4358 τῆς
1300 4273 1434 4360 φύσεως,

317 4370 399 4436 ἀλλὰ
419 4373 497 4456 πρδς
517 4371 643 4457 ἄσκησιν
665 4373 826 4456 καρτερίας
846 4394 880 4435 τε
902 4372 953 4435 καὶ
976 4371 1157 4455 ἁγιωσύνης.
1207 4369 1260 4445 58,
1291 4371 1372 4434 ούτω
1396 4371 1434 4455 δὴ

317 4472 447 4554 τροφαῖς
475 4491 508 4532 τε
536 4471 588 4534 καὶ
607 4468 743 4552 πόμασιν
767 4469 960 4554 ένηδόμεθα,
992 4468 1028 4532 ού
1051 4468 1296 4553 διαβεβλημένην
1319 4468 1434 4552 ἡδονὴν

317 4566 527 4651 καρπούμενοι
551 4568 680 4652 (φυσικὴ
709 4567 766 4652 γὰρ
795 4569 846 4632 καλ
878 4567 971 4650 αῦτη)
1000 4567 1051 4630 καὶ
1078 4565 1164 4650 ὅμως
1194 4565 1346 4652 νηστείαις
1372 4566 1434 4630 δια-
