3517 5434
794 699 884 766 Λόμος
902 697 916 751 ὃ
936 699 1035 770 κρατὴρ

640 1028 780 1119 Ἑρμοῦ
807 1029 879 1094 τοῦ
907 1032 1199 1117 τρισμεμίστον

609 1149 709 1241 πρὸς
737 1145 810 1217 τόν
839 1153 991 1218 ἑαυτοῦ
1018 1147 1108 1217 υἱόν
1141 1145 1223 1216 Teia

643 1271 767 1359 λόγος
790 1271 808 1338 ὁ
831 1268 987 1361 κρατὴρ
1011 1266 1033 1354 ἢ
1054 1271 1191 1359 μονάς.
1463 1284 1477 1332 3

227 1487 263 1524 s
347 1481 361 1545 1
461 1462 529 1535 Τόν
551 1463 662 1534 πάντα
684 1463 811 1552 κόσμον
834 1469 987 1546 ἐποίησεν
1010 1463 1028 1531 ὁ
1046 1462 1250 1552 §essee-Qec
1273 1464 1312 1531 οὐ
1330 1471 1444 1553 χερσὶν

389 1574 475 1645 ἀλλὰ
498 1576 601 1665 λόγῳ·
632 1575 713 1644 ὥστε
738 1573 841 1654 οὕτως
862 1573 1092 1661 ὑπολάμβανε,
1122 1575 1165 1653 ὡς
1192 1577 1252 1643 τοῦ
1279 1573 1444 1663 παρόντος

387 1693 444 1757 καὶ
466 1688 520 1777 σἰεὶ
543 1675 639 1767 όντος
660 1691 717 1755 καὶ
739 1685 849 1754 πάντα
871 1685 1074 1770 ποιήσαντος
1089 1691 1144 1756 καὶ
1159 1683 1232 1766 ἑνός
1254 1691 1310 1754 καὶ
1331 1685 1443 1772 μόνον,
1463 1704 1478 1755 6

357 1876 359 1878 ,
387 1802 428 1892 τῇ
456 1801 490 1867 δὲ
520 1798 625 1868 αὐτοῦ
651 1798 789 1882 θελήσει
824 1797 1129 1889 δημιουργήσαντος
1157 1794 1199 1865 τὰ
1227 1793 1317 1866 όντα.
1346 1803 1443 1865 τοῦτο

387 1909 452 2000 γάρ
492 1917 561 1977 ἐστι
600 1907 638 1978 τό
674 1917 769 1998 σῶμα
804 1915 944 1991 ἐκείνου,
984 1909 1043 1997 οὐχ
1076 1907 1182 1978 ἁπτόν
1214 1909 1288 1977 οὐδὲ
1322 1905 1446 1998 ὁρατόν

387 2022 462 2090 οὐδὲ
490 2021 652 2110 μετρητόν
683 2023 758 2090 οὐδὲ
788 2017 968 2088 διαστατόν
998 2021 1072 2088 οὐδὲ
1102 2017 1192 2107 ἄλλῳ
1226 2025 1290 2089 τινὶ
1320 2019 1478 2106 σώματιλ]

388 2131 513 2220 ὅμοιον.
560 2129 634 2199 οὔτε
662 2131 726 2219 γὰρ
756 2134 820 2219 πῦρ
851 2135 941 2198 ἐστὶν
970 2130 1043 2199 οὔτε
1070 2131 1156 2219 ὕδωρ
1186 2127 1259 2198 οὕτε
1283 2129 1348 2219 ἀὴρ
1372 2127 1444 2198 οὔτε

387 2246 530 2328 πνεῦμα,
559 2237 645 2307 ἀλλὰ
673 2237 784 2306 πάντα
813 2239 874 2306 ἀπ’
908 2240 1024 2307 αὐτοῦ·
1061 2238 1196 2326 ἀγαθός
1217 2241 1281 2326 γὰρ
1311 2236 1355 2308 ὢν
1383 2239 1445 2325 μό·

387 2378 433 2440 νῳ
462 2354 568 2436 ἑαυτῷ
595 2350 772 2430 ἀνατλῆναι
798 2351 896 2415 τοῦτο
919 2327 1083 2430 ἦθέλησε,
1113 2355 1168 2416 καὶ
1197 2347 1498 2434 suessionensium

343 2468 364 2534 2
386 2468 465 2551 γῆν·
493 2459 619 2547 κόσμον
649 2463 684 2527 δὲ
714 2463 814 2527 θεῖον
836 2456 989 2546 σώματος
1017 2468 1205 2551 κατέπεμψε
1227 2456 1287 2527 τόν
1308 2458 1445 2550 όνθρω·

459 2664 545 2718 1-3.
561 2660 660 2735 Ἑρμοῦ
677 2661 743 2734 πρὸς
756 2661 813 2715 Τοὶτ
831 2661 846 2716 ὅ
866 2663 968 2735 κρατὴρ
987 2660 1006 2734 ἢ
1022 2664 1108 2735 μονολς
1120 2665 1155 2734 B;
1171 2666 1214 2717 sed
1231 2684 1315 2730 margo
1333 2665 1444 2734 superior

457 2753 559 2822 praebet
576 2750 698 2814 integrum
716 2745 824 2802 titulum.
897 2750 922 2802 λ.
941 2750 1120 2822 πρός-Τολτ
1138 2773 1190 2805 om.
1208 2752 1274 2804 Patr.
1345 2751 1370 2802 4.
1389 2765 1445 2801 ante

460 2839 513 2891 Τόν
532 2836 578 2888 ΑΒ
597 2835 677 2888 Turn.
695 2848 719 2886 et
735 2835 758 2886 F
760 2835 817 2887 tuse.
835 2837 894 2890 add.
913 2838 1009 2904 ἐπειδὴ,
1027 2858 1077 2890 om.
1097 2838 1163 2890 Patr.
1225 2838 1249 2889 5.
1269 2834 1319 2890 τοῦ
1337 2856 1396 2907 eras.
1414 2836 1444 2896 Βι

458 2924 484 2978 λλ.
503 2927 547 2976 καλ
565 2936 621 2974 ante
637 2919 733 2992 μόνον]
753 2921 789 2974 sic
808 2921 839 2984 B,
866 2944 917 2977 om.
941 2923 1042 2994 reliqui.
1124 2923 1238 2978 7-13,
1262 2921 1446 2990 τοῦτο-γῆν

458 3012 526 3081 apud
545 3011 616 3063 sion.
635 3010 656 3060 1.
678 3029 704 3078 p.
722 3006 757 3061 66
781 3009 888 3064 Heeren.
982 3011 1007 3064 7.
1031 3009 1128 3074 τοῦτο]
1153 3012 1261 3063 τοιοῦτο
1285 3011 1380 3060 Heeren
1404 3027 1446 3076 ap.

458 3098 532 3150 Stob.
619 3095 645 3147 9.
663 3093 802 3165 μετρητόν]
824 3097 950 3166 μεριστόν
972 3096 1002 3148 Β.
1029 3091 1042 3164 ΙΙ
1097 3093 1200 3164 σώματι
1222 3115 1272 3146 om.
1296 3095 1342 3146 AB
1366 3095 1389 3144 Τ
1392 3115 1445 3144 nnn.
1476 3081 1478 3088 Ι

385 3225 386 3229 ,
459 3184 541 3236 Fluss.
614 3181 655 3234 ll.
674 3176 720 3233 ἀπ’
741 3176 838 3246 αὐτοῦ]
858 3181 893 3232 sic
912 3183 983 3236 stob.
1002 3181 1077 3242 Patr„
1095 3180 1130 3231 στὶ
1149 3175 1193 3230 ὑπ’
1213 3174 1299 3231 αὗτοῦ
1317 3179 1415 3244 reliqui.
1429 3174 1443 3244 Η

459 3270 509 3342 γὰρ
528 3289 579 3321 om.
598 3266 644 3318 ΑΒ
662 3267 741 3318 Turn.
761 3268 783 3317 F
785 3267 842 3316 luss.
938 3265 980 3318 12.
1002 3265 1042 3318 λ3.
1061 3261 1259 3330 ἑαυτῷ-γῆν]
1283 3262 1367 3312 leviter
1389 3283 1445 3312 nnu-

459 3369 509 3408 tato
527 3352 617 3406 ordine
635 3351 681 3400 AB
700 3351 781 3400 Turn.
800 3351 883 3400 Fines.

723 3531 887 3599 Hermetis
909 3531 1112 3620 Trismegieti

734 3642 777 3708 ad
797 3641 897 3708 filium
920 3666 1011 3709 suum
1034 3645 1099 3711 Tae

657 3776 762 3819 sermo
784 3754 839 3838 qui
862 3743 966 3821 enatet
988 3757 1039 3822 vel
1061 3781 1180 3823 monas.

461 3897 624 3954 Universum
643 3893 769 3950 mnndum
786 3893 850 3953 feeit
867 3897 961 3974 opifex
979 3918 1033 3954 non
1052 3899 1188 3966 manibus,
1212 3897 1261 3954 sed
1280 3901 1376 3967 verbo;
1399 3901 1445 3952 ita-

392 4005 445 4060 que
462 3985 499 4038 ita
518 3982 604 4054 cogita
623 3979 657 4036 de
675 4001 716 4049 en,
736 3991 766 4037 nt
783 3981 817 4038 de
834 3995 977 4061 praesente
995 3995 1022 4040 et
1040 4005 1146 4062 semper
1165 3986 1295 4040 existente
1313 3993 1340 4038 et
1358 3985 1445 4038 onmia

390 4069 505 4123 faciente
527 4076 554 4121 et
576 4087 628 4123 uno
651 4067 724 4136 εολο,
748 4071 795 4144 qni
817 4070 1022 4127 snavnluntate
1046 4069 1166 4127 condidit
1185 4070 1263 4123 entia.
1304 4067 1356 4124 hec
1374 4069 1445 4124 enim

393 4171 491 4229 eorpus
510 4163 552 4209 est
569 4151 651 4223 illius,
670 4174 724 4209 non
736 4154 828 4211 tactile
846 4177 933 4232 neque
947 4155 1055 4212 visibile
1067 4170 1154 4229 neque
1166 4152 1345 4208 mensurabile
1357 4175 1445 4230 neque

391 4237 522 4296 extensile
540 4259 626 4315 neque
644 4239 689 4295 elii
708 4240 756 4295 ulli
775 4242 884 4315 corpori
901 4241 995 4296 simile.
1019 4260 1104 4313 neque
1124 4240 1193 4292 enim
1212 4239 1280 4314 ignis
1300 4249 1341 4296 est
1359 4261 1445 4316 neque

390 4345 457 4400 aqua
475 4345 561 4401 neque
579 4333 626 4381 atr
643 4346 730 4401 neque
748 4328 870 4401 spiritus,
889 4325 938 4379 sed
955 4325 1041 4379 omnia
1058 4325 1091 4379 ab
1108 4326 1168 4400 ipso
1188 4335 1246 4380 orta
1264 4335 1339 4394 sunt;
1356 4327 1443 4382 bonus

389 4430 503 4488 namque
521 4431 581 4468 enm
598 4413 647 4479 sit,
671 4410 724 4466 soli
749 4411 800 4464 sibi
819 4409 871 4466 hoc
891 4409 992 4476 dicare,
1012 4418 1038 4464 et
1058 4418 1154 4468 terram
1174 4432 1268 4469 ornare
1286 4412 1383 4481 veluit3
1403 4434 1443 4467 οτ-
