3517 5434
348 664 435 722 m.
785 601 793 610 ¹
892 652 932 712 18

353 817 544 903 ἐνδεχόμενα
571 822 616 901 τηῖ
647 815 715 901 ίδίιρ
740 817 897 899 πλάσματι
922 816 1144 902 χαριζόμενος,
1169 815 1250 880 ἀλλά
1272 817 1324 880 καί
1346 817 1471 884 τούναν-
1562 839 1564 842 ·

353 916 415 978 τίον
436 917 456 999 ή
477 915 621 1000 βούλεται
640 915 691 977 καὶ
712 913 846 978 ἐνταῦθα
864 915 1103 986 κατασκευάζων
1126 913 1173 994 (ἐξ
1194 913 1311 997 ἀμφοῖν
1336 916 1390 996 μὲν
1412 913 1470 1000 γάρ

347 1011 467 1074 τούτοιν
490 1013 565 1095 φησὶ
588 1012 660 1076 θεδν
683 1013 911 1094 δημιουργήσαι
933 1010 1005 1074 τόδε
1029 1013 1062 1076 τδ
1085 1015 1156 1087 πᾶν,
1177 1014 1231 1074 τοῦ
1255 1011 1290 1074 δὲ
1302 1011 1470 1094 ἀνθρώπου

350 1108 428 1172 εἶναι
451 1109 505 1192 μέν
528 1110 562 1172 τδ
588 1114 680 1193 σῶμα
700 1112 754 1191 τῆς
771 1108 888 1184 κακίας,
916 1107 993 1172 εἶναι
1012 1108 1046 1172 δέ
1068 1108 1121 1191 τὴν
1146 1108 1247 1193 ψυχήν
1269 1112 1323 1170 τοῦ
1337 1108 1469 1190 ἀγαθοῦ,

313 1205 411 1269 δεῖτε
434 1207 580 1290 μονοειδῆ
601 1204 662 1268 είτε
686 1203 884 1287 συγκειμένην
906 1205 940 1268 ἐκ
962 1210 1022 1268 τῶν
1046 1205 1214 1287 ἐναντίων),
1236 1205 1286 1267 καὶ
1300 1204 1406 1289 ταύτη,
1427 1209 1471 1274 ῶς

350 1305 495 1387 ἑκάτερον
529 1305 634 1386 μικρὸν
674 1303 801 1387 ὕστερον
835 1302 991 1384 δείξομεν,
1023 1301 1165 1364 σύστασιν
1199 1301 1346 1384 οὐδεμίαν
1384 1299 1467 1387 ἔχον.

349 1406 441 1484 σῶμα
472 1399 576 1483 μέντοι
604 1400 675 1462 καθ’
701 1400 793 1462 ἐαυτδ
824 1398 917 1462 οῦδὲν
946 1403 1005 1462 τῶν
1031 1403 1133 1462 κακῶν
1165 1398 1229 1462 οὔτ’
1254 1399 1372 1462 ἐπινοεῖ
1397 1399 1469 1464 ούτε

350 1499 426 1580 δρᾷ·
448 1496 520 1560 ούτε
541 1497 599 1580 γάρ
628 1497 754 1581 φονεύει
777 1495 848 1558 οὔτε
870 1495 1011 1580 μοιχεύει
1033 1493 1104 1558 υύτε
1129 1495 1273 1580 λῃστεύει
1298 1495 1368 1558 οὔτε
1390 1495 1467 1559 ἀλλο

348 1617 376 1657 τι
396 1600 457 1658 τῶν
481 1594 678 1675 ἀδικημάτων
705 1593 876 1677 ἐργάζεται,
900 1595 1001 1677 ψυχῆς
1021 1591 1106 1676 αὐτῷ
1127 1595 1168 1677 μὴ
1193 1592 1366 1677 παρούσης·
1406 1595 1467 1656 καί·

298 1701 333 1754 1⁰
350 1713 397 1754 τοι
425 1690 541 1754 τούτων
570 1692 622 1753 καλ
650 1697 710 1754 τῶν
739 1690 887 1754 τοιούτων
923 1689 1024 1752 ἕνεκεν
1054 1689 1247 1772 ἐπινενόηται
1275 1694 1319 1774 τηῖ
1346 1690 1469 1773 μανέντι

348 1792 402 1870 τῆς
422 1787 560 1854 ἐναντίας
583 1787 681 1871 ἀρχῆς
703 1789 723 1871 ἡ
747 1787 914 1856 ύπόστασις
933 1787 982 1850 καὶ
1004 1791 1063 1850 τῶν
1088 1786 1231 1849 ἐναντίων
1253 1787 1403 1872 ήκροῖσις,
1426 1793 1469 1857 ῶς

349 1883 384 1948 ἀν
412 1886 446 1948 τδ
478 1884 573 1947 αίτιον
602 1884 703 1948 αύτῶν
733 1883 887 1968 εὑρεθείη.
931 1884 958 1948 εί
990 1885 1024 1946 δέ
1050 1885 1069 1966 ἡ
1092 1887 1197 1967 κρᾶσις
1214 1887 1266 1966 τῆς
1289 1889 1391 1969 ψυχῆς
1412 1891 1466 1950 τοῦ

347 1983 469 2064 ἀγαθοῦ
499 1984 576 2065 πρὸς
605 1985 638 2046 τὸ
666 1988 758 2066 σῶμα
785 1986 839 2044 τοῦ
862 1987 959 2045 κακοῦ
987 1986 1047 2043 τῶν
1069 1981 1267 2064 ἀδικημάτων
1292 1979 1468 2065 ἀνθρώποις
1586 2025 1588 2033 .

347 2080 486 2165 παρέσχε
518 2080 572 2148 τάς
603 2081 748 2164 ἀφορμάς
773 2079 859 2159 (καθ)
884 2081 976 2142 ἑαυτδ
1008 2078 1065 2162 γὰρ
1088 2078 1124 2140 ού
1154 2080 1331 2162 πλημμελεῖ
1352 2085 1467 2164 σῶμα),

298 2187 330 2240 τό
349 2175 467 2261 βέλτιον
498 2175 535 2260 ήν
566 2177 607 2260 μὴ
632 2177 840 2261 συγκραθήναι
868 2177 921 2260 τὴν
950 2175 1166 2259 πεπλασμένην
1194 2180 1247 2238 τοῦ
1277 2177 1396 2258 ἀγαθοῦ
1418 2178 1466 2240 δύ-

348 2296 436 2357 ναμιν
465 2272 505 2356 πή
530 2272 572 2356 μή
600 2271 678 2355 ούση
710 2274 812 2358 κακία.
863 2273 899 2336 οῦ
928 2273 987 2357 γάρ
1018 2271 1053 2336 ἀν
1081 2277 1139 2336 τῶν
1173 2271 1251 2336 κατά
1282 2273 1468 2357 ἀνθρώπους

348 2370 577 2452 ἁμαρτημάτων
601 2368 691 2431 οὐδὲν
712 2369 907 2433 ἐπολιτεύετο
937 2369 1007 2434 οὐδ’
1031 2369 1066 2434 ἀν
1090 2370 1225 2455 ὑπῆρχεν
1249 2371 1341 2439 ὅλως.
1378 2377 1467 2439 ποῖος

346 2466 405 2550 γάρ
423 2465 460 2549 ήν
485 2467 501 2528 ό
525 2464 635 2549 φόνος,
664 2471 718 2528 τοῦ
748 2467 962 2553 φονευομένου
992 2469 1033 2552 μὴ
1059 2468 1155 2542 ὄντος,
1187 2465 1250 2549 είγε
1276 2468 1316 2551 μὴ
1342 2466 1392 2530 διὰ
1414 2472 1467 2550 της

348 2568 407 2626 τῶν
441 2562 585 2626 ἐναντίων
614 2565 755 2647 κράσεως
786 2564 864 2628 κατὰ
895 2567 946 2630 τδν
980 2565 1174 2648 γελοιότατον
1209 2564 1300 2646 λύγον
1332 2563 1466 2648 ἐγεγόνει

294 2674 331 2728 w
348 2658 478 2744 κόσμοςς
499 2660 574 2722 ποία
597 2660 626 2723 δ’
651 2660 687 2724 ἀν
711 2662 853 2746 μοιχεία,
883 2666 937 2726 τοῦ
961 2664 1105 2747 σώματος
1123 2662 1165 2746 μὴ
1189 2661 1275 2730 ὄντος
1298 2663 1374 2746 μήτε
1392 2660 1464 2724 καθ’

347 2757 440 2821 ἐαυτδ
470 2760 543 2839 γοῦν
572 2757 813 2841 ἐπιθυμοῦντος,
847 2760 875 2822 εί
906 2759 947 2844 μὴ
979 2761 1063 2846 ψυχὴ
1091 2763 1110 2845 ή
1144 2765 1198 2824 τοῦ
1233 2759 1353 2842 ἀγαθοῦ
1380 2781 1465 2822 κατε-

346 2853 498 2939 πέμφθης
518 2854 603 2918 δυοῖν
625 2855 689 2956 γάρ.
704 2855 850 2940 θάτερον·
876 2881 897 2940 η
918 2861 972 2923 τοῦ
994 2858 1115 2941 ἀγαθοῦ
1143 2857 1303 2942 οἰκονομία
1324 2858 1384 2943 χρὴ
1409 2857 1464 2941 φά-

348 2974 427 3016 σκειν
450 2951 607 3018 συνελθεῖν
631 2953 784 3031 τάναντία,
807 2953 857 3018 ίνα
879 2954 1004 3040 γένηται
1026 2959 1068 3024 ῶς
1088 2958 1165 3039 πρὸς
1186 2955 1305 3038 ἀγαθοῦ
1331 2953 1464 3039 κόσμος·

346 3050 398 3113 καὶ
421 3050 504 3118 όλως
533 3049 625 3119 αὐτὸς
652 3049 749 3120 αίτιος
770 3050 806 3115 ἀν
833 3051 881 3136 εἴη
910 3058 969 3116 τῶν
1000 3052 1031 3114 ἐν
1063 3053 1238 3137 ἀνθρώποις
1257 3057 1373 3129 κακῶν,
1402 3050 1465 3134 εἴγε

293 3157 328 3214 δύ
347 3147 427 3210 ἐκῶν
459 3152 498 3230 τῇ
530 3149 623 3234 κακίᾳ
649 3151 886 3234 προσεχρήσατο
923 3149 1000 3212 κατὰ
1041 3156 1100 3212 τῶν
1132 3147 1346 3233 γενησομένων
1375 3185 1413 3196 -
1442 3149 1461 3234 ή

345 3245 474 3329 ἐβιάσθη
503 3248 580 3329 πρὸς
607 3251 661 3330 τῆς
687 3247 795 3314 κακίας
819 3248 869 3308 καὶ
895 3245 955 3329 ήδη
981 3245 1018 3309 τά
1038 3247 1195 3330 νικητήρια
1215 3244 1293 3308 κατά
1313 3251 1367 3309 τοῦ
1390 3247 1463 3330 ἀγα-

346 3343 405 3404 θοῦ
427 3344 629 3426 ἀπενήνεκται
659 3367 678 3425 η
702 3344 804 3406 κακία.
856 3347 945 3412 ποῖος
965 3339 1022 3424 γάρ
1046 3339 1083 3423 ἦν
1112 3340 1216 3420 (αὖθις
1238 3339 1335 3420 λέγω)
1359 3341 1471 3425 φόνος,

347 3440 374 3502 εί
402 3441 479 3524 μήτε
506 3439 671 3524 ἄνθρωπος
697 3434 734 3522 ἦν
769 3441 844 3522 μήτε
871 3438 957 3520 ξίφος
985 3437 1060 3520 μήτε
1092 3434 1168 3498 ἀλλο
1194 3457 1221 3496 τι
1246 3440 1306 3498 τῶν
1330 3443 1462 3521 φονικῶν

346 3536 533 3620 ἐργαλείων,
563 3538 589 3600 εἰ
614 3537 656 3620 μὴ
681 3537 731 3598 διά
752 3539 805 3617 τῆς
827 3532 958 3596 συνόδου
982 3537 1041 3594 τῶν
1064 3531 1207 3594 ἐναντίων
1228 3533 1460 3618 κατεσκευάσθη

293 3645 329 3702 ³⁰
348 3636 365 3700 ό
387 3634 558 3718 κύσμοςςί,
581 3633 639 3718 γάρ
661 3636 717 3715 ῦλη
741 3629 814 3694 καθ’
836 3629 961 3712 ἑαυτήν,
983 3630 1010 3704 εί
1031 3630 1083 3694 καὶ
1105 3629 1181 3714 πρὸς
1201 3629 1356 3713 ἀλλήλους
1377 3631 1406 3694 οἱ
1430 3631 1462 3702 ἐξ

345 3731 439 3814 αὐτῆς
458 3731 650 3806 ἐστασίαζον,
671 3728 765 3814 φόνον
789 3728 843 3812 μὲν
868 3725 925 3791 οῦκ
943 3725 1029 3813 ήδει·
1056 3727 1092 3792 ού
1118 3727 1175 3812 γάρ
1193 3726 1259 3813 εἶχε
1281 3727 1403 3812 θνητόν,
1427 3729 1460 3792 θν

345 3827 482 3913 φονεύοι.
534 3827 674 3910 μοιχείαν
703 3825 821 3910 ήγνόει·
852 3824 889 3890 ού
921 3825 978 3911 γάρ
1011 3827 1227 3911 κατεγγυήσεις
1250 3826 1356 3911 γάμων
1385 3827 1459 3912 παρ’
1540 3831 1543 3836 ‘

346 3924 426 4008 αὐτή
448 3922 672 3987 ἐπολιτεύοντο.
713 3923 750 3987 οῦ
773 3924 831 4009 μὴν
856 3921 924 3988 οὐδ’
942 3924 1194 4011 ἐσυκοφαντεῖτο·
1215 3923 1289 3987 ούδέ
1310 3923 1367 4008 γὰρ
1380 3924 1462 3994 ύλως

343 4023 378 4086 τδ
395 4020 512 4105 κρίνειν
535 4017 630 4104 εἶχεν,
656 4019 770 4104 ἄλογος
788 4020 878 4086 ούσα.
920 4024 1122 4108 φιλαργυρίας
1143 4019 1189 4101 δέ,
1212 4025 1271 4084 τῶν
1293 4025 1395 4086 κακῶν
1408 4025 1462 4106 τῆς

292 4132 327 4188 ³5
345 4120 438 4205 ῥίζης,
466 4117 518 4180 καί
546 4119 724 4202 φιλοδοξίας
750 4119 825 4184 ούδέ
853 4120 915 4188 ἕως
943 4121 1149 4204 προσηγορίας
1171 4118 1339 4203 ἐμέμνητο·
1363 4118 1459 4202 ἡγὰρ

344 4214 529 4300 φιλαργυρία
550 4217 627 4301 παρ’
652 4218 827 4301 ἀνθρώποις
850 4217 901 4278 διὰ
929 4217 982 4300 τὴν
1007 4217 1125 4301 χρείαν,
1149 4217 1186 4301 ἧς
1205 4215 1402 4301 ήλευθέρωτό
1425 4239 1460 4300 γε

343 4313 459 4398 ἐκείνη·
483 4313 576 4398 καὶή
603 4314 764 4397 φιλοδοξία
793 4317 941 4398 λογισμοῦ
967 4313 1079 4390 πάθος,
1096 4313 1134 4398 ἧς
1155 4312 1192 4378 οῦ
1219 4317 1369 4398 μετεῖχεν,
1388 4311 1459 4378 ἀλό-

342 4433 444 4495 γιστος
467 4408 556 4476 ούσα.
589 4411 811 4496 γαστριμαργία
843 4434 876 4474 τε
909 4411 960 4474 καὶ
986 4411 1114 4493 πορνεία
1145 4411 1196 4474 καὶ
1229 4409 1460 4496 ἀρρενοφθορία

342 4508 415 4595 παρ’
451 4507 531 4596 αύιή
558 4513 665 4598 χῶραν
692 4508 752 4596 ούχ
780 4509 858 4596 εἶχε.
909 4509 960 4572 καί
980 4507 1118 4577 συνόλως
1142 4509 1241 4572 πάντα
1267 4506 1304 4572 τά
1326 4507 1458 4586 κακά,θ
