3517 5434
317 773 370 822 cap.
391 755 415 805 5.
552 749 613 803 Ὅτι
631 744 736 821 ἀφανὴς
756 746 770 800 ὁ
788 747 856 807 θεὸς
873 742 1060 818 φανερῶτατός
1077 749 1156 799 ἐστιν.
1338 745 1370 797 41

568 1078 710 1168 Ἑρμοῦ
737 1081 808 1144 τοῦ
835 1080 1131 1165 τρισμεγίστου

533 1188 634 1278 πρὸς
662 1185 732 1256 τὸν
763 1191 914 1256 ἑαυτοῦ
941 1183 1031 1254 νὶὁν
1065 1183 1163 1265 Teia,

287 1325 301 1374 3
410 1300 473 1368 ὅτι
496 1298 659 1392 ἀφανὴς
682 1299 700 1366 ὁ
725 1295 825 1376 θεὸς
847 1295 1143 1389 φανερῶτατός
1165 1304 1284 1363 ἐστιν.

388 1446 459 1509 Καὶ
474 1441 570 1510 τόνδε
593 1464 646 1508 σοι
661 1435 845 1524 τὸνλόγον,
867 1431 894 1504 ὦ
916 1437 993 1520 Teis,
1016 1435 1267 1525 διεξελεύσομαι,
1290 1434 1377 1514 ὅπως
1401 1437 1416 1502 1

284 1626 287 1631 ⁴
321 1552 367 1639 μὴ
398 1544 612 1644 ἀμῦητοςῶς
640 1555 701 1618 τοῦ
727 1553 913 1638 κρείττονος
941 1554 1026 1618 θεοῦ
1055 1547 1236 1635 ὀνόματος·
1272 1543 1314 1616 οῦ
1341 1551 1374 1616 δὲ

288 1677 304 1726 6
322 1662 404 1745 νόει,
429 1662 516 1744 ὅπως
537 1661 577 1732 τὸ
600 1667 721 1731 δοκοῦν
742 1672 813 1740 τοῖς
834 1664 971 1740 πολλοῖς
992 1659 1119 1750 ἀφανὲς
1141 1657 1376 1752 φανερῶτατόν
1464 1664 1468 1672 ’

323 1800 376 1844 σοι
404 1774 583 1861 γενήσεται.
628 1774 668 1840 οῦ
696 1769 760 1862 μᾶρ
783 1769 826 1839 ἂν
848 1764 899 1854 ἦν,
922 1779 949 1838 εὶ
971 1770 1097 1864 ἀφανὲς
1118 1763 1170 1854 ἦν.
1214 1774 1283 1838 πᾶν
1310 1769 1375 1857 γὰρ

323 1883 361 1953 τὸ
384 1884 588 1976 φαινόμενον
615 1881 788 1970 γεννητόν·
818 1881 927 1973 ὲφοένη
949 1880 1028 1986 γάρ·
1056 1878 1376 1975 τᾴῥ-ὲῌᾴἱφανὲςκοίεἰ
1416 1857 1517 1954 msam·

289 2003 408 2063 9ὲστι·
435 2001 495 2064 τοῦ
516 1992 580 2085 μᾶρ
610 1999 760 2087 φανῆναι
783 1992 823 2061 οὐ
843 1993 960 2086 χρῄζει.
1006 1992 1059 2060 ἀεὶ
1079 1993 1143 2082 γάρ
1167 1998 1312 2062 ἐστικαὶ
1335 1986 1377 2060 τῦ

323 2093 410 2174 ἄλλα
431 2105 543 2175 πάντα
566 2102 698 2199 φανεροὶ
718 2115 813 2174 ποιεῖ.
854 2101 954 2184 αὐτὸς
975 2104 1108 2197 ἀφανὴς
1130 2101 1175 2172 ῶν
1197 2105 1240 2182 ὡς
1260 2106 1311 2174 ἀεὶ
1332 2103 1377 2174 ῶν

323 2225 379 2286 καὶ
401 2221 556 2310 φανερῶν
578 2214 679 2296 αὐτὸς
702 2216 741 2284 οὐ
764 2221 983 2309 φανεροῦται·
1012 2209 1071 2282 οῦιι
1093 2212 1192 2295 αὐτὸς
1220 2216 1378 2303 γεννῶμε-

273 2344 305 2394 12
323 2356 389 2412 νος,
411 2338 446 2397 ἐν
468 2335 642 2421 φαντασία
664 2332 699 2395 δὲ
720 2328 831 2397 πάντα
854 2330 1058 2420 φαντασιῶν.
1092 2323 1191 2416 ἡμιλρ
1207 2334 1377 2420 φαντασία

322 2442 434 2525 μόνον
456 2445 522 2508 τῶν
543 2445 708 2528 γεννητῶν
724 2445 821 2510 ἐστίν.
856 2439 951 2506 οὐδὲν
965 2437 1029 2528 γάρ
1052 2445 1141 2506 ἐστιν
1163 2438 1188 2519 ἦ
1207 2444 1379 2530 φαντασία

323 2549 345 2633 ἢ
367 2559 499 2637 γένεσις.
524 2553 543 2621 ὁ
566 2557 601 2620 δὲ
625 2552 671 2632 εἷς
693 2552 871 2638 ἀγέννητος
901 2548 1054 2631 δηλονότι
1082 2553 1139 2614 καὶ
1167 2549 1422 2641 &pausania-2
1487 2555 1488 2562 ’

273 2677 306 2726 15
324 2688 402 2743 στος
430 2668 486 2730 καὶ
515 2661 662 2756 ἀφανής·
692 2660 734 2730 τὰ
757 2666 791 2730 δὲ
812 2660 924 2730 πάντα
953 2667 1147 2754 φαντασιῶν
1168 2658 1225 2728 διὰ
1245 2659 1378 2730 πάντων
1522 2649 1526 2664 ’

394 2833 481 2882 1-2.
496 2828 599 2898 Ἑρμοῦ
618 2829 684 2898 πρὸς
697 2831 755 2881 Τὰτ
774 2829 841 2895 υἱόν,
860 2827 903 2880 ὅτι
915 2829 945 2880 Β.
982 2830 1007 2880 2.
1027 2829 1094 2900 πρὸς
1107 2830 1165 2882 Teia
1178 2831 1224 2883 τὸν
1242 2832 1299 2882 υἱὸν
1313 2831 1377 2882 Patr.

393 2915 419 2967 3.
440 2913 455 2965 ὃ
474 2935 524 2965 om.
544 2914 591 2964 ΑΒ
616 2913 695 2964 Turn.
718 2915 799 2964 Fluss.
889 2913 913 2963 6.
933 2910 1014 2977 ὅπως]
1037 2913 1071 2963 sic
1094 2915 1179 2978 Tied„
1203 2915 1258 2975 πῶς
1279 2915 1376 2984 reliqui.
1447 2931 1451 2940 '

395 3000 419 3051 7.
438 2997 587 3067 γενήσεται]
605 3000 706 3064 γένοιτο
724 2998 756 3051 Β.
779 2991 794 3064 Η
830 2994 875 3062 ἂν]
895 2995 929 3046 sie
946 2997 969 3046 B
988 2997 1068 3059 Patr,
1087 3001 1110 3050 εἰ
1129 3002 1151 3048 Α
1171 3000 1249 3050 Turn.
1268 3001 1348 3054 anss.
1363 2997 1376 3068 ΙΙ

394 3082 506 3155 ἀφανὲς]
530 3084 564 3136 sic
583 3086 606 3134 Α
626 3083 719 3146 Tum,
742 3087 854 3153 ἐμφανὲς
871 3082 908 3146 Β,
928 3077 1032 3150 ἀφανὴς
1050 3082 1114 3135 Patr.
1205 3084 1245 3136 ll.
1265 3089 1309 3138 καὶ
1327 3107 1377 3138 om.

396 3175 416 3221 Α
437 3171 516 3221 Turn.
536 3170 601 3221 Patr.
675 3169 715 3220 ll.
736 3169 778 3221 12.
797 3168 932 3239 γινόμενος
949 3167 979 3217 Β.

455 3364 620 3431 Hermetis
641 3363 845 3452 Trismegisti
871 3362 914 3428 ad
935 3362 1036 3428 filium
1059 3387 1150 3442 suum
1172 3365 1247 3449 Tae,

424 3476 511 3561 quod
543 3475 776 3542 immanifestus
810 3473 889 3540 deus
922 3474 1195 3542 manifestissimus
1229 3479 1280 3543 sit.
1314 3493 1324 3512 ·

378 3616 456 3671 Hune
474 3637 581 3691 qnoque
598 3637 749 3673 sermonem
760 3617 820 3684 tibi,
839 3615 930 3680 oTat‚
947 3635 1111 3693 percurram,
1129 3636 1163 3672 ne
1181 3619 1220 3672 sis
1239 3620 1378 3694 imperitus

326 3703 531 3777 praestantioris
549 3702 593 3757 dei
612 3705 741 3768 nominis;
759 3711 866 3758 tavers
882 3711 972 3757 mente
990 3701 1179 3777 contemplare,
1198 3702 1332 3777 quomode
1351 3703 1379 3759 id

326 3784 400 3861 qnod
418 3784 499 3859 vulgo
517 3806 572 3842 non
589 3788 758 3842 manifestum
775 3786 891 3855 videtur,
910 3787 1155 3846 manifestissimum
1172 3788 1222 3843 tibi
1239 3789 1294 3844 fiat.
1324 3809 1379 3846 nan

325 3874 396 3928 enim
415 3881 502 3939 esset,
527 3874 551 3926 si
569 3873 776 3928 immanifestum
794 3882 874 3928 esset.
912 3893 989 3930 omne
1011 3877 1080 3930 enim
1099 3873 1171 3950 qnod
1191 3886 1313 3952 apparet,
1337 3896 1379 3952 ge·

325 3958 446 4016 nerabife
463 3968 520 4024 est;
539 3961 663 4036 apparuit
680 3979 807 4035 namqae;
826 3958 900 4034 qnod
911 3978 976 4015 vern
989 3961 1193 4016 immanifestum
1206 3971 1256 4026 est,
1274 3981 1379 4039 semper

326 4055 380 4111 est;
399 4065 529 4122 apparere
548 4048 618 4102 enim
636 4066 704 4123 opas
723 4066 778 4102 non
796 4045 884 4102 babet
916 4066 1023 4123 semper
1040 4048 1110 4102 enim
1129 4056 1171 4102 est
1189 4057 1217 4103 et
1229 4047 1279 4104 alia
1292 4050 1379 4104 omnia

324 4132 464 4188 manifesta
483 4132 554 4188 facit.
591 4134 651 4212 ipse
668 4131 862 4190 immanifestas
880 4152 1033 4201 remanens,
1058 4153 1118 4190 cam
1135 4153 1242 4210 semper
1260 4137 1309 4202 sit,
1327 4155 1380 4190 ma·

326 4219 456 4274 nifastans
479 4221 539 4295 ipse
557 4238 612 4274 nan
630 4219 827 4286 manifestatur-3
849 4238 905 4274 non
922 4220 982 4294 ipse
1000 4229 1154 4294 generatas,
1179 4223 1207 4278 in
1225 4222 1379 4299 apparentia

327 4313 413 4358 tamen
433 4307 520 4360 omnia
538 4305 691 4379 imaginans.
728 4307 882 4384 apparentia
906 4322 1019 4377 namque
1041 4309 1191 4381 genitorum
1210 4317 1311 4362 tantum
1329 4315 1378 4360 est.

327 4387 394 4444 nihil
412 4391 483 4443 enim
499 4392 653 4463 apparentia
672 4401 715 4448 est
732 4393 786 4447 nisi
802 4392 946 4464 generatio.
982 4411 1050 4446 nnus
1068 4413 1134 4449 vera
1152 4393 1286 4466 ingenitus
1305 4392 1379 4445 nimi·

327 4494 385 4529 rum
404 4483 431 4529 et
449 4493 503 4529 nen
520 4493 653 4550 apparens
671 4486 699 4530 et
716 4475 923 4542 immanifestum
942 4479 1030 4532 amnia
1043 4487 1129 4533 autem
1142 4476 1313 4534 manifestans
1330 4497 1379 4553 per
