3517 5434
848 651 889 713 2⁵
1222 663 1426 732 Ado-M.

314 816 499 902 ἐπιδέχεται.
541 816 615 881 ύλον
637 820 799 901 τοιγαροῦν
817 815 985 880 ἀσύστατον
1001 819 1055 878 τοῦ
1070 817 1228 902 βαρβάρου
1246 818 1279 882 τδ
1292 820 1430 902 πλάσμα.

313 915 343 977 τί
363 914 391 977 δ’
407 913 459 999 ἀρ’
476 913 619 998 αἴσθησιν
636 912 798 999 εἰληφέναι
816 914 919 998 φησίν,
934 917 976 984 ιὐς
991 919 1045 977 τοῦ
1062 914 1204 982 πλείονος
1218 914 1361 1000 μέρουςή
1376 921 1430 982 τοῦ

312 1015 386 1094 γοῦν
400 1011 561 1081 ἐλάττονος
575 1009 829 1078 ἀποσπασθέντες
840 1015 894 1093 τῆς
906 1011 1126 1094 συγκραθείσης
1135 1016 1174 1094 τῇ
1189 1011 1431 1098 ύληδυνάμεωςγ

313 1105 446 1193 είγε’ἀφ’
456 1107 493 1172 ού
505 1111 619 1193 σελήνη
637 1108 723 1179 αῦξει
733 1107 948 1197 καὶμειοῦται,
959 1109 1095 1172 διατελεῖ
1105 1108 1176 1176 θεὸς
1193 1109 1271 1172 κατά
1286 1111 1384 1196 βραχὺ
1398 1113 1431 1176 τδ

314 1207 426 1270 οἰκεῖον
436 1207 684 1294 ἀπολαμβάνωνς
700 1205 834 1288 καίτοιγε
842 1206 1155 1290 τοσοῦτυςπαρήλθεν
1171 1207 1303 1272 αἰὼνκαὶ
1314 1206 1385 1272 οὔτε
1395 1210 1428 1274 τδ
1448 1213 1464 1268 δ

314 1302 505 1388 ἀνθρώπινον
516 1301 605 1385 γένος
625 1303 749 1388 ἀριθμῷ
762 1325 799 1385 γε
817 1308 876 1365 τῶν
894 1304 1015 1374 ζιίιντων
1033 1305 1207 1388 ἠλάττωται
1220 1303 1291 1368 οῦτε
1308 1304 1385 1370 ἄλλο
1404 1329 1432 1370 τι

314 1403 374 1462 τῶν
388 1398 582 1482 τετραπόδων
601 1402 727 1484 μείωσιν
741 1399 855 1483 ὑπέστη
875 1401 952 1477 τινά,
965 1400 1045 1464 ἀλλά
1063 1400 1205 1485 συνήθως
1219 1400 1256 1464 τὰ
1269 1402 1432 1486 γιγνόμενα

315 1496 445 1578 γίγνεται
471 1498 522 1560 καὶ
545 1499 739 1582 ἀπογίγνεται
766 1498 818 1562 καὶ
852 1497 898 1562 ἐτι
922 1500 1038 1581 μᾶλλον
1062 1497 1105 1567 είς
1126 1498 1246 1582 πλῆθος
1267 1499 1286 1581 ἡ
1314 1498 1430 1583 ἀνθρω-

315 1593 411 1675 πότης
433 1592 612 1659 ἐπιδέδωκε.
657 1595 753 1660 πόθεν
782 1595 880 1658 τοίνυν
917 1595 1032 1666 ἐκεῖνος
1069 1598 1085 1659 ό
1119 1597 1303 1680 παραπαίων
1335 1595 1432 1662 οἴεται

220 1733 224 1738 ·
315 1690 517 1776 ἀφαιρεῖσθαι
535 1692 614 1754 κατά
632 1695 743 1779 βραχύ,
774 1693 812 1776 ήν
834 1692 1041 1776 πλαττόμενός
1062 1717 1138 1778 φησι
1163 1694 1372 1778 συγκραθήναι
1392 1701 1431 1780 σή
1449 1703 1484 1758 10

314 1789 406 1873 κακία
427 1788 567 1872 δύναμιν,
596 1788 659 1871 εἴγε
685 1790 723 1854 τά
744 1789 823 1854 αδτά
851 1789 999 1858 ὡσαύτως
1029 1789 1095 1876 ἔχει
1119 1789 1197 1854 κατά
1227 1789 1361 1874 κόσμυνγ
1397 1794 1430 1858 τδ

315 1885 391 1950 αῦτδ
415 1886 470 1969 μὲν
492 1886 551 1971 γάρ
573 1891 627 1970 τῆς
650 1887 770 1972 ἡμέρας
792 1885 914 1970 μέτρον,
937 1887 971 1950 τδ
993 1885 1068 1950 αύτδ
1091 1888 1126 1950 δέ
1146 1891 1199 1970 τῆς
1222 1887 1342 1956 νυκτός·
1381 1890 1431 1954 καὶ

316 1983 387 2050 οὔτε
407 1985 441 2048 τδ
463 1990 532 2069 φῶς
549 1986 723 2071 ἠλάττωται
742 1982 815 2046 υῦτε
835 1985 869 2047 τδ
890 1982 997 2052 σκότος
1019 1982 1222 2048 ἐπλεόνασεν·
1259 1986 1275 2048 δ
1296 1985 1355 2070 γάρ
1380 1985 1431 2050 αύ·

315 2083 366 2152 τδς
385 2083 475 2165 ἡλίου
499 2082 615 2166 δρόμος
635 2084 687 2148 καὶ
707 2083 838 2166 σελήνης
855 2083 907 2144 καὶ
931 2081 985 2163 μία
1006 2082 1043 2164 δὴ
1068 2081 1148 2152 τάξις
1169 2083 1187 2164 ή
1212 2082 1243 2152 ἐξ
1268 2084 1366 2168 ἀρχῆς
1384 2106 1431 2168 γε·

315 2179 429 2264 νομένη
452 2179 600 2264 διαμένει.
660 2180 708 2254 41,
741 2178 912 2264 ἐρωτητέον
927 2178 963 2242 δὲ
981 2176 1113 2262 κάκεῖνο,
1128 2180 1156 2243 εἰ
1170 2180 1202 2242 αί
1216 2180 1433 2265 ἁμαρτήσασαι
1451 2190 1484 2246 15

315 2278 413 2362 ψυχαὶ
441 2278 493 2340 καὶ
524 2278 642 2361 μυρίοις
672 2277 848 2364 ἐνεχθεῖσαι
876 2280 983 2344 κακοῖς
1005 2276 1036 2338 ἐν
1060 2281 1105 2362 τῷ
1127 2277 1184 2363 βίῳ
1207 2277 1324 2340 τίσουσι
1347 2278 1432 2363 δίκην

316 2374 358 2436 ὧν
389 2374 631 2458 ἐπλημμέλησαν
658 2377 677 2460 ή
702 2374 755 2454 οῦς
785 2376 813 2438 εί
835 2375 890 2458 μὲν
914 2370 967 2436 οῦν
990 2373 1139 2449 τίσουσιν,
1167 2373 1182 2438 δ
1206 2375 1242 2458 δὴ
1267 2376 1318 2438 καλ
1342 2373 1434 2446 αύτδς

315 2473 474 2554 ὁμολογεῖ,
495 2471 527 2536 ἐν
551 2477 590 2556 τή
617 2474 712 2559 βώλιμ
734 2472 847 2542 ταύτας
868 2469 1107 2555 ἐμπαγήσασθαι
1130 2470 1195 2554 ἅμα
1221 2477 1259 2555 τῇ
1281 2473 1372 2558 κακία
1386 2473 1432 2536 λέ·

314 2592 395 2652 γων,
428 2570 664 2655 εύρεθήσεταιό
686 2571 761 2640 θεδς
781 2571 835 2654 τὴν
860 2571 973 2633 ἑαυτοῦ
998 2568 1086 2653 φύσιν
1109 2570 1353 2654 τιμωρούμενος·
1396 2569 1432 2636 οῦ

316 2669 346 2729 τί
368 2665 404 2730 ἀν
426 2658 543 2750 γένοιτο
565 2669 779 2754 ἀτοπώτερυνς
810 2667 838 2730 εἰ
865 2668 900 2730 δὲ
919 2667 1107 2750 άτιμόνρητοι
1126 2664 1258 2744 ἔσονται,
1284 2668 1340 2732 οῦκ
1361 2668 1431 2734 ἀλυ·
1450 2679 1486 2736 w

318 2786 378 2832 πος
405 2765 457 2826 καὶ
478 2765 609 2847 ἀζήμιος
638 2766 730 2848 μόνον
758 2767 778 2846 ί,
803 2764 956 2847 ἁμαρτία,
989 2764 1069 2827 ἀλλά
1095 2765 1146 2828 καὶ
1173 2763 1268 2828 πλέον
1292 2765 1327 2829 ἀν
1353 2764 1434 2852 ἔχειν

318 2861 425 2943 δοκοίη
446 2865 499 2943 τῆς
523 2861 727 2946 δικαιοσύνης,
751 2861 815 2944 εἴγε
836 2861 888 2924 καλ
916 2859 947 2922 ἐν
970 2864 1015 2945 τῷ
1036 2859 1163 2944 παρόντι
1187 2864 1276 2926 αἰῶνι
1297 2863 1350 2946 τὴν
1364 2864 1435 2945 ήδυ-

317 2958 371 3041 νὴν
395 2958 546 3041 προσάγοι
576 2965 621 3045 τῷ
645 2959 775 3044 μετιόντι
797 2959 849 3022 καὶ
876 2957 908 3020 ἐν
938 2962 982 3042 τῷ
1008 2956 1148 3040 μέλλοντι
1181 2961 1329 3044 τιμωρίας
1355 2959 1436 3024 αἰτία

318 3057 360 3140 μὴ
380 3054 511 3138 γένοιτο.
552 3057 629 3141 πρδς
657 3057 693 3120 δέ
717 3056 837 3124 τούτοις
864 3055 960 3118 ἅπασι
988 3054 1150 3137 θαύμασον
1182 3057 1277 3120 αὐτοῦ
1302 3057 1435 3142 κάκεῖνο,

318 3151 396 3218 ἔνθα
415 3154 506 3238 φησὶν
527 3159 570 3224 ὡς
590 3159 644 3238 τής
665 3155 772 3223 κακίας
792 3153 940 3216 ἐνταυθοῖ
963 3153 1214 3238 ἀσχολουμένης,
1245 3155 1318 3224 θεδς
1337 3155 1368 3218 ἐν
1391 3159 1436 3241 τῷ
1452 3161 1487 3218 96

322 3251 435 3335 μεταξύ
458 3253 492 3316 τδ
517 3253 614 3339 βάθος
633 3253 814 3338 ἀναπληροῖ.
829 3253 963 3336 χώματι,
987 3250 1059 3314 όθεν
1081 3250 1231 3336 ἀνέκυψεν
1252 3253 1271 3334 ή
1288 3253 1344 3336 ὕλη
1359 3252 1437 3316 κατὰ

318 3350 374 3434 τήν
401 3349 497 3414 αὐτοῦ
519 3351 693 3433 δεινοτάτην
715 3348 855 3414 ἔκστασιν
877 3348 919 3432 μὴ
939 3348 1090 3418 συνιέντος
1116 3352 1158 3417 ὥς
1178 3351 1211 3412 τδ
1234 3349 1436 3434 ἐπιβαλλόμε-

320 3468 372 3510 νον
396 3447 424 3510 ιί
449 3447 504 3532 μὲν
527 3449 588 3512 ἀπδ
611 3453 665 3532 τῆς
688 3453 744 3532 γῆς
763 3445 812 3531 εἴη
827 3451 883 3510 τοῦ
900 3446 1032 3529 ἀγαθοῦ,
1046 3447 1111 3510 τίνα
1125 3447 1236 3532 τρόπον
1250 3445 1317 3534 ἔχει
1330 3450 1436 3533 χώραν

322 3545 353 3608 έν
374 3544 460 3631 τόπῳ
478 3569 513 3628 γε
535 3546 677 3632 ἐναντίιρ;
700 3547 728 3610 εἰ
747 3546 782 3609 δὲ
804 3545 919 3609 ἐκτῶν
945 3550 1046 3629 μερῶν
1069 3550 1122 3630 τῆς
1136 3545 1252 3622 κακίας,
1268 3549 1301 3610 τδ
1323 3549 1435 3612 οἰκεῖον

318 3643 377 3706 οῦκ
397 3642 558 3721 ἐκκλείσει,
579 3645 632 3726 τὴν
657 3643 787 3708 αύτόθεν
817 3642 1022 3727 ὡρμημένην·
1050 3643 1182 3726 κάθηται
1209 3645 1244 3707 δὲ
1264 3644 1338 3714 θεδς
1357 3643 1434 3710 κατά
1451 3657 1487 3714 w

217 3759 222 3766 ·
317 3739 369 3804 τδν
396 3738 530 3823 μανέντα
563 3740 603 3803 δι’
631 3742 744 3809 αίῶνος
772 3739 956 3824 μεταφέρων
985 3743 1119 3826 χώματα
1147 3742 1198 3804 καὶ
1226 3743 1304 3806 κατὰ
1336 3743 1434 3828 βραχδ

317 3836 545 3922 πρυσχωννύων
577 3837 659 3924 βάθη
685 3839 760 3902 τινά.
807 3838 833 3902 ὦ
863 3841 917 3919 τῆς
948 3836 1063 3920 ἀλόγου
1091 3839 1215 3922 μανίας,
1245 3843 1322 3925 πρὸς
1343 3841 1379 3924 ἢν
1401 3839 1433 3904 ἐν

311 3937 381 4011 ,τοῖς
398 3934 520 3998 πλείοσι
539 3937 590 3999 καλ
611 3934 712 4019 γέλως
731 3936 765 3998 τδ
790 3939 863 4017 γοῦν
889 3935 1125 4018 ἀποκρίνασθαι.

860 4029 887 4095 Β

400 4131 425 4202 l.
450 4128 537 4214 Ἀγει
558 4131 596 4214 δή
622 4131 728 4194 λυιπδν
752 4131 835 4214 ήμάς
857 4130 874 4193 ό
900 4127 991 4212 λόγος
1014 4129 1063 4194 ἐπὶ
1085 4131 1137 4214 τὴν
1161 4132 1230 4214 περὶ
1249 4131 1326 4194 θεοῦ
1342 4153 1432 4196 σπου·
1450 4145 1485 4202 ³5

319 4230 506 4311 δσιολυγίαν.
558 4229 682 4298 παιδιᾶς
709 4227 768 4312 γάρ
796 4227 871 4296 ἴσως
897 4227 1038 4313 διέφερεν
1069 4228 1160 4292 οδδέν
1190 4229 1227 4292 τὰ
1259 4229 1336 4312 πρὸς
1363 4230 1434 4292 ἀνα·

319 4325 429 4408 σκευὴν
456 4330 510 4409 τῆς
537 4325 655 4399 ἐκείνου
680 4325 869 4409 μυθολογίας
899 4325 1057 4411 εἰρημένα.
1102 4325 1150 4390 ίνα
1174 4324 1227 4390 οῦν
1252 4327 1293 4410 μὴ
1316 4326 1367 4404 καί
1387 4325 1433 4409 γέ-

318 4425 404 4486 λωτα
433 4421 621 4506 δρλήσωμεν
645 4421 731 4506 παρά
759 4427 823 4491 τοῖς
845 4423 990 4509 ἔμφροσι,
1019 4424 1147 4507 πλάσμα
1171 4424 1238 4487 λίαν
1265 4422 1433 4488 ἀσύστατον

317 4517 547 4605 περιεργότερον
571 4519 770 4598 ἐξετάζοντες,
794 4519 854 4584 όσα
881 4521 920 4605 δὴ
945 4523 1072 4606 εὕρηται
1094 4520 1289 4606 μυθικώτερα
1311 4524 1355 4606 τῷ
1380 4543 1433 4605 μα-
