3517 5434
858 667 880 724 5
1275 681 1426 738 ,ιε-ιτ.

311 831 347 894 δέ
379 829 597 914 συναγένητος,
627 827 712 894 ἐσται
758 831 857 894 πλείω
888 832 938 894 καὶ
973 829 1075 894 οὐκέτι
1110 831 1166 894 δὺο
1187 817 1240 896 Ιτά
1275 833 1427 919 ἀγένητα·

311 929 427 1010 ἀνάγκη
455 925 513 1010 γὰρ
544 925 636 1010 έτερα
660 928 819 1012 τυγχάνειν
849 928 951 990 ἐκεῖνα
979 928 1064 1012 παρὰ
1097 933 1193 994 ταῦτα
1224 929 1255 993 ἐν
1285 933 1331 1001 οίς
1365 933 1428 996 ἐστι

310 1030 407 1090 ταῦτα
429 1025 472 1086 ῶν
497 1022 570 1086 ἀνευ
592 1022 667 1086 οὐδὲ
690 1023 768 1087 εἶναι
789 1027 962 1109 δυνήσεται.
1011 1023 1042 1097 θ.
1085 1027 1162 1111 πρὸς
1182 1027 1217 1090 δέ
1240 1028 1359 1100 τούτοις
1377 1032 1428 1094 καλ

312 1121 457 1206 μεθόριον
477 1119 662 1204 ἀμφοτέρων
682 1121 866 1204 ἀπαιτητέον
887 1124 1018 1206 διεῖργον
1035 1126 1086 1187 καὶ
1099 1124 1272 1188 διακωλῦον
1293 1127 1429 1214 ἑκατέρῳ

309 1219 368 1302 τὴν
389 1220 466 1302 πρὸς
489 1218 619 1301 θάτερον
646 1218 828 1295 κοινωνίαν,
856 1218 906 1282 ίνα
936 1219 976 1302 μὴ
1001 1219 1052 1282 διὰ
1075 1225 1135 1284 τῶν
1157 1224 1315 1305 τερμάτων
1339 1223 1461 1295 αὑθιςὺ

311 1317 459 1400 ἀλλήλοις
481 1313 729 1397 καταμιγνὸμενα
751 1317 802 1380 τὸν
824 1321 879 1400 τής
902 1315 1111 1400 ἐναντιότητος
1136 1318 1302 1405 διαφθείρῃ
1325 1321 1427 1405 λόγον.

310 1414 340 1476 τί
359 1413 458 1477 τοίνυν
486 1410 572 1475 ἔσται
600 1413 634 1474 τὸ
664 1413 848 1498 διαφράττον
878 1414 929 1478 καὶ
954 1415 1085 1498 διεῖργον
1108 1413 1221 1501 άμφως
1249 1418 1350 1503 τρίτου
1370 1419 1428 1503 γὰρ

311 1512 392 1579 τινὸς
418 1509 485 1572 κατ’
510 1507 617 1571 οὐσίαν
639 1511 748 1594 χρείαν
777 1509 844 1596 ἔχει
871 1512 945 1596 παρ’
968 1511 1073 1581 αὐτοῖς
1104 1517 1158 1595 τῆς
1184 1514 1373 1600 μυθολογίας
1393 1519 1428 1582 τδ

312 1609 450 1691 πλάσμα.
503 1605 553 1690 ἀρ’
578 1605 632 1670 οὑν
666 1609 701 1671 τὸ
734 1611 937 1693 ἀδαμάντινον
968 1614 1070 1695 τεῖχος
1096 1610 1216 1695 ἐροῦσιν
1250 1613 1322 1697 ήμῖν
1351 1613 1372 1696 ἤ
1402 1636 1429 1676 τι

312 1708 434 1790 έτιρον,
462 1706 702 1789 παραπαίοντες;
729 1710 769 1789 τῇ
799 1707 879 1775 τίνος
907 1707 942 1769 δὲ
971 1707 1117 1792 προνοίᾳ,
1140 1708 1228 1772 τοῦθ’
1249 1708 1342 1772 ὁπότε
1371 1711 1426 1794 φή·
1448 1716 1480 1770 10

313 1827 420 1880 σουσι,
448 1803 696 1887 παρεγκείσεται;
726 1801 868 1887 ὁποτέρῳ
896 1802 953 1888 γὰρ
980 1808 1039 1866 τῶν
1069 1803 1212 1868 ἐναντίων
1245 1807 1427 1890 βουληθεῖεν

313 1902 475 1964 ἀναθεῖναι
502 1903 592 1978 τοῦτο
622 1903 665 1968 ῶς
687 1897 812 1983 ὁστερόν
833 1923 909 1963 ποτε
932 1899 1164 1986 παρεμβληθέν,
1186 1901 1303 1986 ἄπορος
1325 1902 1430 1973 αὐτοῖς

311 2002 330 2083 ή
346 2000 492 2068 ὑπόθεσις
508 1996 721 2081 εὑρεθήσεται.
747 1999 825 2078 πρὸς
838 1995 896 2080 γὰρ
911 2000 944 2061 τό
961 1997 1162 2084 ἀρχαιότερον
1178 1999 1322 2085 ἀναβάςὸ
1338 1999 1430 2084 λόγος

313 2097 402 2166 αὐθις
413 2097 554 2182 φωράσει
565 2094 603 2157 τὰ
615 2093 735 2156 ἐναντία
748 2094 894 2178 ἀλλήλων
910 2095 1069 2180 ἀχώριστά
1083 2099 1126 2163 ῶτ
1139 2093 1286 2179 οὐδαμῶς
1297 2095 1399 2159 ἐναντί
1419 2143 1427 2161 .

313 2198 340 2261 εί
358 2197 395 2260 δέ
421 2192 590 2277 μηδετέρου
620 2192 750 2275 προνοίη
776 2193 810 2256 τδ
837 2192 982 2277 μεθόριον
1012 2191 1027 2256 δ
1052 2195 1197 2276 δηλοῦσιν
1219 2193 1349 2278 ὑπάρξαι
1373 2196 1428 2280 φή·
1449 2201 1480 2256 15

312 2315 434 2370 σουσιν,
466 2291 569 2374 ἕτερον
595 2287 742 2372 ἀγένητον
770 2288 982 2372 ἐπεισάγοντες
1009 2290 1040 2360 ἐξ
1072 2291 1205 2374 ἀνάγκης
1232 2291 1431 2374 ὁμολογοῦσι,

313 2390 484 2477 μηδετέρου
495 2391 555 2452 τῶν
569 2385 713 2449 ἐναντίων
723 2387 778 2472 τῆς
790 2385 897 2457 οὐσίας
910 2389 1050 2474 μετέχον,
1058 2389 1106 2452 ἵνα
1117 2393 1161 2474 τῷ
1177 2390 1273 2472 πάντη
1291 2389 1430 2453 διαλλάτ-

312 2512 372 2554 τειν
394 2488 514 2573 χωρίζῃ
537 2489 650 2548 ταῦτα·
673 2483 724 2545 καὶ
748 2484 970 2568 εὑρεθήσονται
990 2486 1084 2572 ὄχλον
1103 2487 1259 2570 ἀγενήτων
1275 2487 1431 2571 τιθέμενοί

312 2589 368 2653 δὺο
393 2588 546 2672 φήσαντες
560 2584 638 2648 εἶναι
652 2581 689 2644 τὰ
702 2579 844 2664 ἀγένητα.
879 2584 913 2646 τὸ
933 2582 1035 2666 μέντοι
1059 2586 1190 2668 διεῖργον
1205 2585 1256 2646 καὶ
1272 2583 1430 2670 μεθόριον,

313 2685 374 2750 εἴτε
398 2687 436 2767 δὴ
463 2689 566 2768 τεῖχος
592 2681 653 2744 εἴτε
674 2682 712 2761 γῆ
741 2678 846 2747 ἄοικος
873 2677 935 2742 εἴτε
959 2681 1010 2744 καὶ
1034 2681 1109 2765 ὅπερ
1136 2679 1171 2744 ἂν
1195 2680 1334 2762 θέλοιεν,
1368 2688 1429 2746 ποῦ
1447 2684 1482 2740 θ)

315 2783 369 2865 μέν
394 2779 441 2864 ἀρ’
468 2777 535 2864 ἔχει
556 2779 610 2861 τὴν
630 2777 738 2858 έδρανς
760 2779 821 2837 ποῦ
845 2777 879 2839 δέ
902 2779 955 2860 τήν
978 2779 1132 2862 κορυφήν;
1167 2777 1247 2840 ἀλλὰ
1270 2779 1364 2860 δῆλον
1388 2783 1431 2848 ῶς

313 2881 398 2944 κάτω
421 2878 476 2960 μὲν
498 2877 552 2958 τὴν
572 2875 664 2958 ἕδραν
684 2875 759 2950 (ποῦ
782 2872 820 2954 δὴ
846 2876 898 2937 καλ
919 2873 1015 2937 πόσον
1025 2879 1060 2954 3),
1080 2873 1145 2937 ἄνω
1167 2873 1202 2936 δέ
1219 2874 1272 2956 τὴν
1291 2879 1430 2960 κορυφήν

313 2979 388 3057 (ποῦ
413 2974 464 3037 καὶ
487 2973 536 3036 ἐπὶ
557 2971 654 3034 πόσον
663 2975 698 3051 ς).
742 2970 776 3032 τὸ
799 2969 857 3054 γὰρ
877 2969 942 3035 ἀνω
965 2972 1016 3033 καὶ
1038 2973 1121 3034 κάτω
1143 2971 1343 3055 δημιουργίας
1364 2972 1430 3035 ὀνό-

314 3095 397 3158 ματα
418 3071 478 3155 πρδ
508 3068 716 3153 δημιουργίας.
767 3067 818 3130 δεῖ
838 3069 942 3151 μέντοι
968 3071 1018 3132 καὶ
1045 3069 1215 3156 βαθύτερον
1240 3068 1291 3131 καὶ
1316 3068 1430 3154 ὑψηλό-

313 3193 400 3255 τερον
430 3167 567 3231 εἶναιτὸ
592 3165 737 3250 μεθόριον
761 3170 815 3249 τῆς
842 3169 902 3227 τῶν
924 3166 1144 3252 χωριζομένων
1170 3167 1292 3244 οὐσίας,
1318 3165 1367 3230 ἵνα
1388 3168 1429 3251 μὴ
1447 3167 1482 3226 ῦὸ

315 3267 455 3331 κάτωθεν
484 3266 504 3349 ή
533 3263 655 3328 ἀνωθεν
685 3264 831 3347 ἐλλεῖψαν
846 3264 994 3347 ’πάροδον
1023 3270 1087 3334 τοῖς
1111 3265 1257 3333 ἐναντίοις
1282 3266 1430 3350 παράσχῃ

314 3367 391 3450 πρὸς
414 3364 546 3447 ἄλληλα.
600 3360 648 3435 λθ.
679 3363 707 3426 εί
727 3363 763 3426 δέ
789 3366 859 3445 σκιᾷ
878 3361 931 3424 καὶ
952 3361 1032 3446 ήλίιμ
1053 3363 1283 3448 παραβάλλοιεν
1306 3363 1358 3448 [δ]
1380 3387 1431 3426 κα-

316 3465 405 3526 λοῦσι
433 3460 596 3546 μεθόριον,
623 3462 780 3545 οἰήσονται
808 3460 864 3544 μέν
890 3463 933 3528 ῶς
953 3458 1044 3522 οὐδὲν
1074 3460 1268 3524 ἐπικοινωνεῖ
1286 3465 1331 3546 τῷ
1352 3461 1431 3545 ήλίιρ

313 3563 332 3644 ή
358 3562 438 3637 σκιά,
460 3557 731 3642 διελεγχθήσονται
754 3559 789 3622 δὲ
809 3560 957 3644 χαλεπῶς
980 3557 1057 3642 πρδς
1074 3561 1127 3620 τοῦ
1151 3555 1297 3640 μανέντος
1315 3557 1430 3642 ἠπατη-

314 3657 412 3741 μένοι.
462 3656 531 3719 σκιά
551 3653 610 3738 γὰρ
630 3656 721 3738 ήλίου
745 3657 890 3740 κοινωνίᾳ
913 3657 964 3720 καὶ
986 3654 1024 3720 δι’
1046 3654 1121 3718 ὅλου
1144 3655 1297 3740 παρουσίᾳ
1318 3654 1427 3736 γένοιτ’
1447 3653 1483 3710 θῦ

314 3753 363 3831 ἄν,
385 3752 479 3835 ὄγκου
502 3753 581 3820 τινὸς
603 3751 769 3837 ἀνέχοντος
790 3754 821 3817 ἐν
845 3753 932 3838 μέσιρ
951 3753 1002 3818 καλ
1023 3754 1099 3838 πρὸς
1121 3752 1251 3836 θάτερον
1274 3751 1368 3836 μέρος
1379 3751 1431 3815 αὐ·

313 3852 368 3934 τήν
394 3848 472 3938 [μὴ]
499 3847 768 3934 παραπέμποντος.
813 3851 864 3915 καὶ
894 3849 963 3913 σκιά
993 3849 1040 3934 εἴη
1077 3847 1113 3912 ἀν
1147 3847 1237 3912 οὐδὲν
1273 3848 1376 3934 ἕτερον
1410 3850 1430 3934 ίγ

313 3948 476 4032 τεκμήριον
517 3948 621 4032 φωτὸς
656 3948 708 4011 διὰ
744 3950 824 4018 τινδς
857 3946 1098 4033 παρεγκειμένου
1133 3948 1276 4029 σώματος
1308 3946 1430 4031 ἐμποδι-

315 4044 458 4129 ζομένου,
480 4044 596 4108 ἐπείτοι
620 4047 723 4127 φωτὸς
744 4045 775 4108 ἐν
800 4046 882 4110 νυκτὶ
907 4047 948 4130 μὴ
969 4041 1121 4129 παρόντος
1141 4041 1207 4106 οὐδ’
1233 4042 1269 4108 ἀν
1291 4043 1359 4108 σκιὰ
1380 4063 1443 4128 μεχ

314 4143 382 4226 ρικὴ
408 4141 539 4224 γένοιτο.
583 4140 633 4226 ἀρ’
657 4141 716 4227 οὐχ
743 4143 804 4228 ὑπη
833 4145 917 4221 σκιά,
943 4139 1010 4204 ἐκεῖ
1032 4144 1117 4226 φῶτε
1150 4141 1188 4204 τά
1206 4140 1264 4224 γάρ
1288 4139 1430 4204 ἐπέκεινα
1447 4138 1481 4195 ³5

314 4245 367 4322 τῆς
386 4244 472 4308 σκιᾶς
499 4240 578 4324 φωτὶ
598 4240 845 4323 καταλάμπεται,
874 4242 953 4326 πλὴν
976 4240 1004 4302 εἰ
1031 4239 1072 4322 μή
1097 4261 1132 4321 γε
1151 4241 1185 4304 τὸ
1209 4239 1332 4310 σκιάζον
1360 4237 1431 4322 ὑφει

314 4338 349 4401 τδ
370 4337 502 4422 φωτίζον
525 4337 707 4420 παμπληθεῖ
733 4339 924 4424 ὑπερβαίνει·
944 4334 998 4423 κᾷν
1019 4337 1059 4420 μὴ
1072 4338 1105 4400 τδ
1120 4335 1316 4419 γελοιότατον
1329 4337 1432 4418 τεῖχος

315 4442 359 4521 τῷ
380 4434 549 4520 παραλὸγιρ
567 4435 661 4519 τεθῇ,
689 4441 757 4521 φῶς
778 4435 810 4498 ἐν
831 4437 910 4521 φωτὶ
934 4432 1119 4518 διαιτωμένῃ
1143 4431 1314 4515 φανήσεται
1335 4430 1355 4513 ή
1378 4451 1430 4494 κα-

315 4534 376 4598 κία.
417 4537 484 4601 πῶς
503 4531 561 4616 γὰρ
588 4529 624 4595 ἀν
648 4531 771 4616 Ιγένοιτο
800 4531 885 4608 σκιά,
911 4533 966 4593 τοῦ
990 4529 1094 4614 φωτὸς
1115 4525 1155 4591 δι’
1181 4526 1256 4592 θλου
1279 4525 1358 4591 κατὰ
1377 4529 1432 4610 τῆς
1557 4555 1564 4566 ·
