3517 5434
407 684 440 734 64
835 682 903 752 Περὶ
919 681 1032 749 νοήσεως
1366 701 1418 752 cap.
1438 685 1465 735 9.

406 843 462 903 καὶ
483 833 600 916 νόησιν
621 838 692 922 ἔχει,
715 833 774 921 οὐχ
797 833 919 919 ὁμοίαν
941 839 979 928 τῇ
1002 833 1208 922 ἀνθρωπεία,
1231 833 1305 902 οὐδὲ
1328 835 1371 914 ὡς
1392 861 1462 904 ποι-

363 951 383 1017 6
405 951 507 1029 κίλην,
529 947 604 1014 ἀλλ’
623 947 668 1025 ὡς
687 949 820 1034 κρείττω
843 948 900 1010 καὶ
922 945 1159 1035 ἁπλουστέραν.
1207 944 1228 1026 ἡ
1251 943 1316 1035 γείρ
1339 947 1462 1029 α’ίσθη-

407 1083 458 1137 σις
479 1063 535 1125 καὶ
556 1055 671 1140 νόησις
692 1059 753 1123 τοῦ
773 1054 901 1143 κόσμου
922 1061 984 1143 μία
1006 1061 1075 1125 ἐστὶ
1097 1062 1142 1141 τῷ
1157 1056 1267 1125 πάντα
1282 1067 1388 1126 ποιεῖν
1403 1063 1460 1126 καὶ
1482 1073 1500 1124 3

406 1178 451 1248 είς
472 1166 591 1251 ἑαυτὴν
614 1169 804 1246 όποποιεῖυ,
828 1162 972 1255 ὄργανον
995 1173 1053 1249 τῆς
1076 1172 1135 1234 τοῦ
1157 1171 1243 1236 θεοῦ
1264 1168 1460 1254 βουλήσεως,

405 1286 461 1347 καὶ
489 1279 591 1359 οὕτως
619 1281 903 1368 ὀργανοποιηθέν,
933 1284 989 1346 ἴνα
1016 1278 1127 1346 πάντα
1154 1281 1235 1366 παρ’
1258 1285 1364 1366 ἑαυτῷ
1391 1280 1459 1350 ἀπὸ

406 1396 466 1460 τοῦ
487 1395 574 1459 θεοῦ
588 1387 702 1479 λαβὼν
716 1389 758 1458 τό
774 1397 948 1478 σπέρματα
964 1389 1138 1480 φυλάττων
1162 1398 1197 1458 ὲν
1213 1397 1325 1477 ἑαυτῷ,
1347 1391 1458 1460 ποίντα
1477 1406 1495 1456 6

405 1507 481 1595 ποιῇ
504 1509 649 1590 ἐναργῶς
670 1508 726 1569 καί
750 1499 891 1568 διαλύων
905 1500 1016 1568 πάντα
1032 1501 1182 1568 ἀνανεοῖ·
1205 1507 1262 1570 καὶ
1283 1499 1339 1568 διὰ
1359 1507 1457 1570 τοῦτο
1609 1543 1614 1776 4

405 1619 561 1694 λυθέντα,
584 1612 692 1702 ὥσπερ
715 1608 852 1699 ἀγαθός
874 1615 959 1694 ζωῆς
973 1609 1124 1700 γεωργός,
1145 1616 1184 1704 τῇ
1197 1616 1364 1705 μεταβολῇ
1378 1614 1457 1680 ἀνα-

403 1732 519 1793 νέωσιν
540 1724 655 1802 αὐτοῖς
677 1729 854 1816 φυομένοις
875 1729 1016 1811 παρέχει.
1049 1723 1107 1791 οὐκ
1129 1729 1216 1792 ἔστιν
1237 1721 1256 1790 ό
1276 1723 1323 1811 μὴ
1340 1727 1492 1810 ζωογου

404 1850 461 1904 νεῖ.
505 1835 687 1928 φερόμενος
710 1839 745 1902 δὲ
766 1833 877 1902 πάντα
900 1837 1057 1915 ζωοποιεῖ,
1079 1838 1135 1902 καὶ
1158 1836 1244 1920 ὁμοῦ
1266 1835 1366 1915 τόπος
1387 1841 1455 1904 ἐστὶ

403 1954 459 2015 καί
481 1945 679 2035 δημιουργός
700 1949 793 2028 ζωῆς.

358 2066 378 2130 7
474 2058 525 2126 'Pol
547 2063 582 2126 δὲ
610 2058 749 2146 στόματα
780 2054 847 2123 ἀπό
876 2054 956 2138 ὕλης
979 2064 1013 2124 ἐν
1042 2062 1200 2149 διαφορᾷ.
1246 2061 1288 2126 τὰ
1310 2064 1369 2146 μὲν
1391 2059 1453 2146 γάρ
1473 2073 1508 2124 12

402 2181 491 2238 εστιν
514 2179 548 2237 ἐκ
570 2169 703 2256 γῆς,τά
725 2173 759 2236 δὲ
782 2169 816 2250 ἐξ
837 2167 967 2248 ὕδατος,
989 2165 1032 2236 τό
1054 2174 1088 2237 δὲ
1111 2171 1145 2251 ἐξ
1168 2170 1278 2260 ἀέρος,
1300 2167 1342 2238 τό
1365 2174 1398 2238 tt
1420 2179 1454 2237 ὲκ

402 2280 520 2369 πυρός·
552 2278 663 2346 πάντα
690 2284 725 2346 δέ
748 2288 816 2346 ἐστι
840 2277 1005 2362 σύνθετα,
1028 2286 1084 2348 καὶ
1106 2277 1149 2347 τό
1170 2287 1229 2368 μὲν
1251 2285 1388 2368 μᾶλλον,
1411 2279 1452 2348 τό

403 2395 438 2458 δὲ
460 2387 685 2475 ἁπλούστερα·
714 2395 843 2475 μᾶλλον
870 2394 931 2478 μὲν
953 2387 995 2456 τό
1024 2390 1205 2482 βαρύτερα,
1234 2387 1334 2476 ἧττον
1357 2397 1390 2460 δὲ
1412 2391 1454 2460 τὰ
1474 2411 1506 2460 15

401 2501 599 2592 κουφότερα.
637 2497 675 2567 τό
692 2505 726 2568 δὲ
747 2500 848 2588 τοίχος
870 2502 973 2570 αὐτοῦ
995 2507 1054 2586 τῆς
1077 2510 1186 2595 φορᾶς
1207 2501 1268 2587 τὴν
1289 2509 1453 2572 ποικιλίαν

402 2621 466 2682 τῶν
494 2607 597 2681 ποιῶν
626 2619 782 2697 γενέσεων
809 2613 988 2704 ἐργάζεται.
1033 2612 1119 2698 πνοὴ
1142 2614 1206 2703 γὰρ
1230 2609 1313 2684 οὖσα
1335 2639 1453 2684 πυκνο-

472 2833 495 2884 l.
514 2829 614 2900 νόησιν]
634 2838 732 2903 κίνησιν
751 2833 797 2886 ΑΒ
817 2835 897 2888 Turn.
942 2837 966 2888 2.
986 2832 1040 2889 ἀλλ’
1061 2835 1104 2902 ele]
1123 2837 1158 2888 sic
1177 2837 1251 2901 Pata,
1271 2833 1352 2897 ἄλλοις
1371 2839 1397 2888 δὲ
1410 2838 1455 2887 καὶ

470 2921 525 2972 ΑΒ.
584 2919 609 2970 5.
629 2918 723 2988 οὕτως]
742 2921 777 2972 sic
796 2922 872 2984 Paua,
890 2915 947 2975 ὄντι
965 2921 995 2984 Β,
1014 2919 1096 2982 ὄντως
1113 2923 1212 2992 reliqui.
1266 2921 1292 2975 8.
1309 2919 1453 2994 μεταβολῇ]

469 3009 505 3059 sie
523 3005 578 3070 ΑΒ,
598 3011 734 3082 καταβολῇ
752 3008 850 3077 reliqui.
939 3007 964 3059 9.
984 3007 1133 3078 φυομένοις]
1158 3010 1192 3060 sic
1210 3010 1289 3070 Patr„
1312 3005 1454 3080 φερόμενος

470 3093 569 3162 reliqui.
591 3088 607 3160 Ι]
642 3101 744 3166 παρέχῃ
763 3095 816 3146 ΑΒ.
890 3092 931 3144 13.
952 3097 977 3144 ln
996 3095 1044 3158 τῆς
1061 3090 1107 3160 γῆς
1126 3095 1155 3144 Α.

399 3317 498 3363 manue,
517 3315 605 3368 neque
621 3304 676 3347 tum
695 3296 802 3359 variam,
821 3292 870 3346 sed
889 3293 1108 3366 praestantiorem
1127 3300 1154 3344 et
1166 3291 1365 3365 simpliciorem.
1393 3309 1453 3344 sen-

398 3403 445 3438 sus
464 3382 534 3434 enim
552 3389 579 3431 et
596 3376 772 3448 intelligentia
791 3374 882 3428 mundi
901 3394 951 3428 nna
971 3383 1013 3426 est
1030 3393 1074 3438 eo,
1100 3373 1173 3446 quod
1192 3375 1279 3428 emnia
1297 3372 1361 3429 lacit
1378 3383 1406 3430 et
1423 3379 1451 3432 in

399 3488 428 3523 se
446 3468 539 3542 ipsam
551 3461 679 3526 destruit,
702 3479 762 3514 eum
780 3477 907 3533 organum
925 3459 962 3510 sit
980 3455 1125 3514 voluntatis
1144 3459 1195 3527 dei,
1215 3469 1242 3516 et
1260 3462 1300 3516 sie
1318 3471 1360 3518 est
1378 3482 1452 3538 orga-

398 3554 499 3618 nizata,
522 3557 552 3603 ut
575 3548 663 3602 omnia
681 3542 752 3620 apud
770 3563 800 3597 εε
819 3564 834 3596 a
853 3542 904 3597 deo
927 3544 1060 3618 recipiens
1082 3546 1183 3600 semina
1207 3549 1278 3603 etin
1298 3568 1328 3605 se
1346 3571 1454 3606 conser-

398 3660 479 3705 vans,
499 3637 586 3690 omnia
605 3632 684 3686 faciat
700 3627 841 3684 manifeste
858 3638 886 3684 et
904 3627 1057 3686 dissolvens
1076 3643 1198 3704 renovem
1221 3645 1248 3690 et
1266 3637 1300 3692 ob
1319 3636 1348 3692 id
1366 3637 1452 3692 ‹lisso-

398 3725 468 3790 luta‚
490 3732 625 3792 tamquam
646 3717 734 3770 benus
757 3717 826 3772 vitae
849 3715 976 3791 agricola,
999 3721 1145 3774 mutatione
1163 3724 1364 3778 renuvationem
1382 3724 1450 3800 ipsis

398 3811 468 3863 natis
492 3805 610 3881 praebet.
647 3821 702 3858 nou
725 3811 780 3870 est,
805 3803 878 3879 quud
901 3825 955 3860 nnn
978 3807 1067 3862 vivum
1090 3809 1186 3882 gignat.
1222 3809 1362 3886 proferens
1385 3828 1450 3864 vere

399 3895 485 3950 omniu
504 3888 632 3956 vivificat,
651 3899 678 3944 et
695 3890 775 3946 simul
793 3891 870 3950 loeus
890 3902 932 3948 est
950 3903 977 3948 et
994 3893 1118 3950 conditor
1136 3897 1214 3952 vitae.

450 3979 574 4052 Corpora
597 3996 661 4032 veru
684 3999 699 4032 ε
721 3981 831 4034 materia
854 3981 882 4034 iu
908 3979 1056 4036 differentia
1081 3991 1150 4036 sunt.
1191 4001 1251 4036 nam
1274 3980 1324 4034 alia
1347 3986 1410 4032 sunt
1434 3999 1449 4031 e

398 4077 475 4128 terra,
496 4061 546 4116 alla
565 4083 599 4118 ex
617 4084 693 4140 aqua,
712 4064 763 4120 alia
782 4087 815 4122 ex
832 4073 904 4132 uere,
924 4067 974 4122 ulie
993 4087 1026 4122 ex
1038 4072 1110 4140 igne;
1128 4069 1214 4122 omnia
1226 4084 1290 4120 veru
1303 4071 1366 4118 suut
1379 4081 1448 4116 eom·

396 4152 495 4227 posita,
514 4147 564 4203 elia
583 4139 653 4226 plui,
673 4150 723 4206 alia
742 4163 806 4208 sunt
823 4152 1001 4230 simplicim·a;
1018 4153 1080 4229 plus
1095 4153 1201 4228 quidem
1213 4151 1342 4224 gleviam,
1361 4149 1448 4204 miuus

396 4257 461 4293 vero
480 4235 590 4292 leviora.
625 4237 756 4294 velocitas
773 4259 837 4294 vero
856 4243 913 4294 eius
931 4238 1040 4296 lationis
1058 4240 1212 4294 varietatem
1231 4235 1346 4310 qualium
1365 4235 1449 4291 elficit

396 4326 602 4400 generationum.
638 4345 697 4380 nam
717 4324 796 4380 flatus
815 4324 915 4381 densus
935 4346 994 4382 cnm
1012 4327 1057 4390 sit,
1075 4321 1213 4399 protendit
1230 4322 1372 4398 qualitates
1392 4343 1449 4378 eur·

397 4412 509 4488 peribus
528 4432 587 4470 eum
606 4434 657 4470 uua
676 4411 844 4490 plenitudine
863 4413 940 4470 vitae.
977 4419 1054 4488 pater
1077 4407 1184 4484 quidem
1201 4409 1269 4466 deus
1287 4420 1328 4468 est
1345 4408 1447 4475 muudi,
