3517 5434
837 657 850 714 1
863 661 870 712 1
883 658 895 712 ί
1314 661 1423 736 Γρηγύρ.

305 827 390 898 τιιῦν,
411 823 525 907 σαρκὸς
546 819 721 898 ἀνάστασιν,
744 822 827 905 ζωὴν
849 821 985 884 αίιύνιον.
1025 819 1239 904 ὁμολογοῦμεν
1258 818 1423 901 ύμοούσιον

307 919 386 984 εἶναι
414 925 457 1004 τῷ
485 919 576 1003 πατρὶ
604 919 655 982 τδν
686 919 751 982 υἱὸν
778 920 830 984 καὶ
856 921 891 982 τὸ
920 921 1041 1000 πνεῦμα
1066 917 1119 979 καί
1147 911 1216 998 μίαν
1240 917 1293 998 τὴν
1317 914 1424 978 οδσίαν

306 1022 361 1101 τῆς
382 1018 519 1102 τριάδος,
548 1015 629 1080 τοῦτ’
655 1015 733 1098 ἐστὶν
756 1017 825 1100 μίαν
845 1015 993 1098 θεότητα,
1024 1019 1160 1098 φυσικῶς
1181 1013 1346 1096 ἀγεννήτου
1369 1013 1424 1095 μὲν

307 1115 395 1183 ύντος
416 1119 470 1178 τοῦ
493 1112 624 1196 πατρός,
651 1112 850 1197 γεννηθέντος
871 1115 907 1176 δὲ
927 1118 981 1176 τοῦ
1004 1112 1072 1176 υίοῦ
1097 1111 1130 1198 ἐκ
1152 1108 1267 1196 πατρὸς
1291 1107 1426 1194 ἀληθινή

305 1212 459 1296 γεννήσει,
489 1211 526 1274 οδ
547 1211 670 1294 ποιήσει
693 1215 732 1294 τῇ
754 1210 788 1274 ἐκ
811 1211 1007 1297 βουλήσεως,
1032 1213 1085 1273 τοῦ
1109 1209 1172 1292 [δὲ]
1194 1209 1366 1293 πνεύματος
1389 1209 1458 1273 ἐκῦ

307 1313 362 1392 τῆς
381 1308 488 1377 ούσίας
504 1313 557 1371 τοῦ
575 1311 691 1392 πατρὸς
709 1308 751 1370 δι’
772 1309 840 1372 υἱοῦ
859 1308 967 1376 ἀιδίως
987 1306 1226 1393 ἐκπεμφθέντας,
1249 1308 1424 1390 ἁγιαστικοῦ

307 1411 361 1489 τῆς
388 1406 463 1490 ὅλης
487 1406 625 1474 κτίσεως.
666 1408 880 1490 ὁμολογοῦμεν
908 1405 943 1468 δὲ
968 1404 1018 1466 καὶ
1042 1405 1241 1489 σαρκωθέντα
1260 1407 1311 1468 τὸν
1333 1403 1424 1488 λόγον

308 1504 360 1568 καὶ
381 1504 603 1588 ρανερωθέντα
627 1505 658 1567 έν
683 1508 815 1588 σαρκική
834 1504 974 1586 γεννήσει
997 1507 1035 1586 τή
1056 1501 1090 1566 ὲκ
1110 1501 1288 1588 παρθένου,
1315 1501 1371 1566 υύκ
1393 1501 1424 1564 ἐν

309 1600 466 1687 ἀνθρώπῳ
490 1601 706 1686 ἐνεργήσαντα.
747 1600 819 1669 τούς
840 1601 875 1664 δὲ
894 1605 1117 1668 κοινωνοῦντας
1136 1598 1214 1685 [40]
1236 1604 1299 1669 τοῖς
1319 1600 1424 1685 ἐκβάλ-

309 1701 399 1761 λουσι
426 1700 460 1762 τὸ
491 1697 658 1783 ύμοούσιον
687 1700 729 1766 ιὐς
757 1695 918 1780 ἀλλότριον
947 1703 1006 1762 τῶν
1034 1703 1162 1782 γραφῶν
1192 1699 1243 1760 καὶ
1266 1699 1292 1760 τὶ
1316 1697 1350 1760 ἐκ
1372 1702 1426 1780 τῆς
1445 1699 1477 1754 Ιθ

308 1797 431 1879 τριάδος
456 1795 574 1860 κτιστδν
603 1793 728 1876 λέγουσι
752 1796 803 1857 καὶ
827 1795 996 1878 χωρίζουσι
1023 1800 1077 1878 τῆς
1105 1799 1175 1878 μιᾶς
1195 1799 1333 1877 ,φυσικῆς
1355 1794 1424 1858 θεύ-

308 1915 398 1976 τητος
426 1892 607 1976 ἀλλοτρίους
630 1891 793 1974 ἡγούμεθα
814 1894 865 1954 καὶ
889 1892 990 1956 οὐδενί
1012 1898 1071 1956 τῶν
1093 1891 1240 1955 τοιούτων
1262 1897 1424 1976 κοινωνοῦ·

310 2013 377 2075 μεν.
420 1989 464 2058 είς
484 1990 557 2058 θεδς
580 1990 596 2052 ύ
618 1989 729 2072 πατήρ,
753 1990 771 2071 ή
793 1989 942 2073 θεύτηςὴ
965 1990 1062 2074 μόνη,
1086 1989 1159 2058 θεὸς
1181 1990 1215 2053 δὲ
1238 1991 1289 2053 καὶ
1310 1991 1325 2052 ίι
1349 1987 1425 2063 υἱός,

310 2090 400 2151 είκιδν
425 2091 480 2170 τῆς
503 2090 573 2170 μιᾶς
600 2086 651 2148 καὶ
677 2085 773 2169 μόνης
800 2084 949 2170 θεότητος
978 2089 1020 2150 ὢν
1044 2088 1165 2171 ἀληθὴς
1187 2087 1264 2151 κατὰ
1287 2085 1424 2169 γέννησιν

309 2188 360 2250 καὶ
384 2186 492 2271 φύσιν,
513 2184 551 2266 ήν
573 2183 609 2245 ἐκ
626 2186 814 2267 τοῦπατρὸς
836 2181 919 2268 ἔχει,
940 2183 1043 2268 κύριος
1065 2183 1111 2253 είς
1131 2187 1146 2248 ύ
1168 2183 1250 2256 υἱός,
1276 2182 1424 2251 ὡσαύτως
1443 2175 1476 2245 st

310 2284 346 2346 δὲ
370 2283 479 2345 καὶτὸ
506 2285 643 2363 πνεῦμα,
673 2280 727 2363 τὴν
754 2285 809 2344 τοῦ
831 2281 900 2344 υἱοῦ
922 2279 1086 2364 κυριότητα
1108 2281 1279 2366 διαπέμπον
1305 2283 1348 2350 είς
1371 2281 1425 2363 τὴν

310 2378 514 2462 άγιαζυμίνην
534 2377 637 2440 κτίσιν.
677 2378 744 2448 υίδς
762 2379 941 2464 ἐπεδήμησε
957 2378 1076 2464 κόσμιρ,
1101 2381 1199 2462 σάρκα
1218 2380 1252 2443 ἐκ
1268 2377 1425 2463 παρθένου

311 2479 434 2564 λαβών,
463 2475 501 2557 ἣν
531 2474 711 2560 ἐκλήρωσεν
738 2475 825 2557 ἁγίου
853 2477 1027 2559 πνεύματος
1055 2478 1098 2545 είς
1117 2479 1167 2540 τὸν
1189 2477 1310 2540 πάντων
1336 2477 1425 2559 ήμῶν

217 2613 235 2624 -
311 2572 477 2657 όγιασμόν,
506 2571 630 2657 θανάτῳ
653 2573 687 2636 δὲ
710 2573 870 2656 παραδούς
891 2576 943 2657 τὴν
969 2575 1080 2658 σάρκα,
1104 2575 1155 2636 τὸν
1179 2573 1316 2638 θάνατον’
1336 2569 1427 2636 ἔλυσε

311 2670 363 2734 διὰ
386 2670 729 2753 τήςάναστάσεωςέίς
750 2669 803 2752 τήν
824 2671 945 2733 πάντων
966 2672 1054 2752 ἡμῶν
1079 2672 1258 2747 ἀνάστασιν,
1292 2669 1424 2751 ἀνῆλθεν
1443 2677 1478 2732 w

312 2768 347 2830 δὲ
367 2767 411 2835 είς
431 2764 573 2850 ούρανόν,
597 2766 682 2850 ύψιῦν
706 2765 758 2828 καὶ
779 2765 916 2836 δοξάζων
941 2767 1125 2850 ἀνθρώπους
1148 2768 1178 2830 ἐν
1203 2768 1314 2851 ἑαυτῷ,
1341 2763 1426 2848 ἔρχε-

310 2887 360 2928 ται
382 2863 418 2928 δὲ
437 2864 471 2926 τδ
492 2862 651 2947 δεύτερον,
682 2863 898 2926 άπακαθιστῶν
925 2865 997 2947 ἡμῖν
1021 2865 1074 2947 τήν
1098 2865 1222 2928 αἰιύνιον
1247 2865 1329 2946 ζωήν
1351 2863 1428 2942 [τοῖς

310 2959 487 3027 πιστεύουσι
513 2960 563 3023 καὶ
588 2964 716 3044 τηροῦσι
733 2960 787 3030 τὰς
811 2961 936 3030 ἐντολὰς
957 2961 1077 3044 αὐτοῦ]
1123 2962 1166 3030 είς
1186 2960 1264 3029 υἱός·
1295 2960 1346 3023 καὶ
1366 2959 1426 3041 πρὸ

311 3061 364 3140 τῆς
387 3059 574 3140 σαρκάσεως
596 3058 647 3120 καὶ
670 3060 747 3141 μετὰ
767 3060 822 3142 τὴν
846 3059 997 3142 σάρκωσιν
1023 3060 1038 3121 ό
1064 3058 1166 3135 αύτύς,
1192 3055 1427 3141 ἄνθρωποςκαὶ

311 3154 400 3230 θεός,
427 3155 570 3239 ύκάτερον
599 3159 643 3224 ὡς
668 3157 712 3220 έν.
752 3159 804 3221 καὶ
828 3157 888 3240 οὐχ
915 3156 1018 3242 ἕτερον
1044 3157 1098 3239 μὲν
1121 3155 1286 3240 πρόσωπον
1313 3155 1329 3216 ύ
1354 3153 1427 3222 θεὸς
1444 3159 1478 3214 25

312 3251 414 3332 λόγος,
438 3251 542 3335 ἕτερον
563 3252 598 3315 δὲ
618 3252 782 3336 ἄνθρωπος
800 3252 937 3337 Ἰησοῦς,
965 3255 1034 3318 ἀλλ’
1060 3255 1151 3324 αδτὸς
1176 3253 1426 3338 ύπροῦιτάρχων

312 3349 378 3417 υίδς
403 3348 531 3416 ἑνωθεὶς
557 3351 646 3435 σαρκὶ
674 3350 708 3414 ἐκ
733 3349 856 3437 Μαρίας
877 3351 1026 3436 κατέστη,
1057 3351 1173 3416 τέλειον
1196 3351 1246 3414 καί
1268 3347 1353 3431 ἅγιον
1378 3349 1428 3411 καὶ

312 3446 524 3532 ἀναμάρτητον
546 3447 711 3534 ἄνθρωπον
732 3448 871 3517 συνιστὰς
891 3449 1000 3515 ἑαυτὸν
1023 3451 1073 3513 καί
1097 3450 1268 3531 οἰκονομῶν
1292 3446 1334 3515 είς
1357 3447 1427 3509 όνα·

312 3544 421 3608 νέωσιν
452 3545 690 3628 άνθρωιιύτητυς
722 3547 773 3609 καὶ
804 3545 923 3630 κόσμου
957 3549 1070 3616 παντὸς
1099 3547 1259 3630 σωτήριον.
1309 3543 1382 3613 θεὸς
1410 3545 1426 3606 ύ

311 3644 428 3724 πατήρ,
449 3640 565 3704 τέλειον
589 3645 631 3705 ὢν
653 3643 978 3726 πρόσωπον,τέλειον
1002 3642 1068 3729 ἔχει
1088 3645 1139 3707 τὸν
1163 3641 1253 3725 λόγον
1277 3642 1308 3712 ἐξ
1332 3641 1425 3704 αὐτοῦ
1445 3649 1480 3703 30

312 3736 530 3820 γεγεννημένον
564 3738 706 3820 άληθῶς,
741 3740 801 3825 οὐχ
829 3745 873 3809 ὡς
905 3743 995 3824 λόγον
1028 3741 1219 3823 λαλούμενον
1251 3739 1324 3803 οὐδὲ
1356 3738 1426 3802 καθ’

313 3833 472 3896 υἱοθεσίαν
492 3832 573 3909 υίόν,
602 3839 644 3902 ύις
665 3835 791 3919 ἄγγελοι
812 3840 864 3901 καὶ
887 3837 1047 3922 ἄνθρωποι
1070 3840 1130 3902 υἱοὶ
1154 3839 1229 3902 θεοῦ
1252 3840 1428 3915 καλοῦνται,

313 3929 395 3995 ἀλλὰ
415 3931 480 3995 υἱδν
502 3930 593 4014 φύσει
614 3932 699 4009 θεόν,
723 3933 840 3997 τέλειον
866 3936 902 3998 δὲ
922 3934 1017 4019 [ἔχει]
1036 3936 1139 4000 καὶτὸ
1160 3939 1282 4018 πνεῦμα
1293 3935 1328 3998 ιδ
1344 3934 1428 4016 ἅγιον

314 4027 349 4092 ἐκ
375 4029 452 4091 θεοῦ
481 4029 521 4094 δι’
550 4030 618 4094 υἱοῦ
646 4030 879 4115 χορηγούμενον
910 4033 953 4100 εἰς
974 4031 1045 4098 τοῦς
1065 4031 1338 4116 υίοθετουμένους,
1369 4035 1428 4103 ζῶν

312 4127 364 4188 καὶ
393 4126 564 4205 ζωοποιόν,
603 4127 688 4210 ἅγιον
720 4129 798 4209 [καὶ]
832 4129 1003 4211 ἁγιαστικὸν
1039 4132 1098 4190 τῶν
1132 4127 1428 4214 μεταλαμβανόντων
1446 4137 1481 4191 86

314 4221 421 4301 οιύτοῦ,
443 4223 503 4310 ούχ
524 4228 566 4293 ὡς
584 4225 634 4288 ὑπ’
654 4225 821 4309 ἀνθρώπου
836 4225 933 4309 πνοὴν
951 4225 1194 4308 ἐμπνευσθεῖσαν
1209 4223 1429 4300 ἀνυπόστατον,

314 4319 383 4384 ἀλλ’
409 4319 443 4383 ἐκ
463 4320 542 4386 θεοῦ
563 4326 677 4401 ζῶσαν,
700 4322 738 4386 δι’
763 4322 839 4406 ὅπερ
863 4325 883 4405 ή
906 4320 990 4406 τριὰς
1009 4322 1202 4404 προσκυνητλγ
1227 4321 1358 4404 δοξαστὴ
1379 4321 1430 4382 καὶ

312 4418 396 4501 τιμία
415 4419 467 4482 καὶ
488 4421 665 4505 σεβάσμιος,
683 4421 798 4504 πατρὸς
817 4421 872 4502 μὲν
894 4419 926 4482 ’ἐν
941 4420 998 4503 υίηῦ
1012 4416 1194 4500 νοουμένου,
1218 4418 1289 4480 καθ’
1307 4417 1352 4479 ότι
1366 4417 1431 4484 υίὸς

314 4513 346 4585 lt
368 4514 480 4594 αὐτοῦ,
507 4517 576 4580 υἱοῦ
601 4517 636 4580 δὲ
659 4515 691 4580 έν
713 4518 805 4601 πατρὶ
827 4513 1053 4598 δοξαζομένου,
1080 4513 1152 4577 καθ’
1178 4514 1195 4577 ύ
1217 4513 1295 4576 ἰστιν
1319 4514 1353 4578 ἐκ
1375 4534 1429 4574 ιτα-
