3517 5434
404 679 448 729 48·
594 676 655 731 Ὅτι
673 673 776 748 ἀφανὴς
795 647 814 728 ἀ
829 678 896 737 θεὸς
914 676 1097 750 φανερώτατος
1115 684 1190 733 ἐστιν.
1314 702 1367 750 cap,
1388 685 1413 735 5.
1432 685 1457 736 6.

402 831 595 918 γενόμενον,
628 834 705 909 νοῦς
731 835 791 917 μὲν
819 830 1011 917 νοούμενος,
1041 829 1150 922 πατὴρ
1179 836 1214 899 δὲ
1243 837 1458 924 δημιουργῶν,

404 938 486 1020 θεὸς
509 945 543 1009 δὲ
565 946 711 1032 ἐνεργῶν,
733 938 870 1026 ἀγαθὰς
892 945 926 1009 δὲ
949 947 1005 1010 καὶ
1018 941 1128 1010 πάντοι
1143 949 1255 1012 ποιῶν.
1300 943 1379 1027 ὕλης
1397 953 1458 1034 μὲν

402 1052 466 1141 γάρ
488 1050 527 1119 τὸ
550 1057 844 1143 λεπτομερέστερον
866 1052 946 1143 ἀήρ,
976 1055 1073 1144 ἀέρος
1100 1059 1134 1122 δὲ
1156 1055 1262 1145 ψυχή,
1291 1063 1400 1146 ψυχῆς
1422 1061 1458 1125 δὲ
1477 1071 1493 1121 3

402 1171 488 1245 νοῦς,
509 1169 570 1230 νοῦ
590 1167 625 1230 δὲ
648 1163 666 1229 ὁ
689 1161 781 1242 θεός.
1611 1150 1617 1288 Ι

1615 1443 1617 1474 i

475 1328 498 1378 l.
516 1323 668 1396 νοούμενος]
688 1325 754 1380 νοῶν
771 1327 837 1378 Patr.

402 1464 481 1541 qnod.
497 1465 626 1539 gignitur,
650 1473 680 1518 tn
703 1483 780 1518 omne
799 1462 872 1538 qnod
890 1482 945 1517 non
963 1473 1116 1538 generatur,
1139 1483 1214 1520 mens
1232 1465 1339 1539 quidem
1357 1467 1457 1522 intelli·

402 1570 476 1625 gens,
494 1560 571 1625 pater
588 1550 718 1617 efficiens,
738 1550 804 1606 dens
823 1569 947 1627 operam,
965 1549 1052 1605 bonus
1072 1548 1178 1625 quidem
1198 1559 1224 1604 et
1242 1553 1328 1606 omnia
1346 1553 1455 1608 faciens.

402 1637 526 1691 materiae
544 1655 658 1711 namque
676 1637 830 1691 tenuissima
848 1655 913 1711 pars
932 1639 979 1690 οδε·
997 1644 1047 1704 est,
1065 1637 1135 1692 airis
1154 1655 1218 1692 vern
1237 1639 1334 1705 anima,
1353 1639 1455 1692 animae

402 1731 489 1777 antem
506 1741 591 1790 mens,
609 1723 707 1776 mentis
726 1731 813 1778 autem
832 1721 906 1777 deus.
1611 1570 1617 1800 ἀ

825 1964 1023 1973 ——-.-—....

351 2206 370 2270 6
635 2204 777 2292 Ὲρμοῦ
804 2212 875 2274 τοῦ
902 2209 1211 2296 τρισμεγίστον,

402 2311 465 2380 ὅτι
487 2313 718 2400 ὲνμόνῳτῷ
733 2314 877 2401 &enirn
900 2315 1067 2403 ἀγαθόν
1088 2326 1216 2396 ἐστιν,
1240 2314 1454 2404 ἀλλαχόθι
1473 2329 1488 2378 6

797 2429 837 2494 δὲ
859 2427 1056 2516 οὐδαμοῦ.

356 2618 370 2680 1
471 2619 517 2686 Τὸ
541 2618 693 2706 ἀγαθόν,
723 2613 956 2705 ὦΆσκληπιέ,
984 2630 1019 2691 ἐν
1048 2623 1157 2690 οὐδενί
1184 2629 1271 2688 ἐστιν
1300 2628 1327 2687 εὶ
1349 2617 1395 2707 μὴ
1418 2627 1452 2686 ὲν
1615 2645 1617 2758 ρ

398 2731 491 2818 μόνῳ
513 2735 560 2816 τῷ
583 2735 670 2818 θεῷ·
692 2735 872 2818 μᾶλλονδὲ
895 2733 933 2800 τὸ
950 2731 1088 2820 ἀγαθὸν
1104 2732 1203 2812 αὐτός
1218 2740 1306 2799 ἐστιν
1328 2731 1346 2797 ὁ
1369 2727 1452 2806 θεὸς
1471 2752 1487 2801 9

400 2843 466 2910 ἀεί·
497 2851 524 2910 εἰ
547 2846 581 2911 δὲ
604 2842 720 2926 οὕτως,
751 2844 869 2913 οὐσίαν
898 2842 983 2914 εἶναι
1011 2849 1060 2913 δεῖ
1087 2843 1196 2927 πάσης
1218 2841 1375 2926 κινήσεως
1396 2845 1453 2908 καὶ

397 2961 550 3040 γενέσεως
572 2959 708 3045 ἔρημον,
738 2962 873 3046 (ἔρημον
897 2961 931 3024 δὲ
955 2957 1049 3024 οὐδέν
1072 2965 1160 3024 ἐστιν
1183 2956 1298 3038 αὐτῆς)
1322 2958 1394 3045 περὶ
1417 2955 1451 3018 δὲ

398 3065 502 3150 αὐτὴν
517 3065 673 3151 στάτικὴν
688 3075 852 3157 ἐνέργειαν
868 3073 1019 3154 ἔχουσαν,
1042 3067 1179 3147 ἀνενδεῆ
1199 3072 1255 3133 καὶ
1270 3065 1452 3153 ἀπέριττον,
1472 3085 1506 3134 12

396 3176 625 3268 πληρεστάτην
648 3177 811 3269 χορηγόν·
840 3183 874 3246 ἓν
898 3181 932 3243 δὲ
954 3176 1039 3264 ἀρχὴ
1066 3175 1215 3242 πάντων·
1237 3179 1305 3241 πᾶν
1327 3171 1390 3262 γάρ
1413 3171 1451 3238 τὸ

467 3342 490 3392 5.
507 3339 605 3408 Ἑρμοῦ
622 3337 671 3389 τοῦ
688 3340 875 3407 τρισμεγίστον
894 3355 944 3384 orn.
963 3334 996 3383 Β.
1050 3334 1075 3384 6.
1095 3332 1120 3383 7.
1138 3327 1381 3400 ἰστιν-οὗδοιμοῖι
1399 3352 1450 3382 om.

466 3425 532 3475 Patr.
623 3422 664 3472 ll.
683 3419 813 3488 γενέσεως]
831 3418 948 3486 γνώσεως
967 3419 997 3465 Α.
1020 3411 1032 3481 Η
1081 3419 1175 3485 ἔρημον
1193 3431 1249 3484 post
1266 3415 1396 3482 γενέσεως]
1416 3416 1451 3468 sie

467 3511 542 3572 Pate,
560 3529 610 3559 om.
629 3505 729 3573 reliqui.
824 3504 865 3553 12.
886 3506 983 3567 ἔχουσα
1002 3499 1070 3551 libri.
1090 3496 1103 3568 Η
1150 3497 1302 3572 ἀπέριττον]
1325 3503 1359 3553 sic
1376 3504 1449 3570 Verg.

466 3597 562 3658 Flnss„
579 3589 716 3662 ἀπείριτον
737 3592 757 3640 Α
777 3590 871 3648 Turn,
890 3582 1023 3653 ἆπέρητον
1041 3585 1072 3652 Β,
1092 3608 1143 3639 orn.
1163 3588 1229 3640 Patr.
1302 3587 1343 3641 13.
1363 3588 1397 3656 ἓν]
1416 3591 1450 3641 εἷο

466 3684 541 3743 Patr,
560 3685 584 3731 ἐν
601 3676 700 3746 reliqui.
715 3670 728 3740 Η
766 3671 882 3740 πάντων]
901 3671 936 3724 sie
949 3671 995 3724 AB
1010 3673 1083 3738 Pate,
1102 3671 1206 3734 πάντως
1225 3675 1313 3740 Turn,
1333 3674 1449 3730 πάντοσε

468 3768 548 3816 Fluss.

723 3898 887 3964 Hermetis
908 3898 1121 3986 Trismegisti,

446 4009 533 4095 qnod
553 4010 587 4074 in
609 4010 677 4076 solo
700 4008 760 4075 deo
783 4010 901 4075 bonum
924 4009 976 4093 sit,
1000 4011 1075 4077 alibi
1098 4019 1203 4076 autem
1226 4029 1392 4091 nusquam.

448 4150 566 4219 Bonum,
586 4171 602 4206 ο
620 4149 744 4227 ΛεοΙεμί,
762 4152 791 4204 in
809 4149 884 4205 nulle
903 4160 958 4217 est,
982 4153 1034 4206 nisi
1053 4155 1080 4206 in
1099 4150 1159 4205 solo
1183 4148 1247 4216 deo;
1269 4149 1360 4224 potins
1383 4167 1447 4203 vero

396 4237 495 4292 bonum
513 4244 555 4292 est
572 4239 632 4314 ipse
650 4235 716 4292 dens
728 4256 846 4314 semper;
864 4235 974 4311 quodsi
990 4238 1084 4301 itasit‚
1103 4235 1246 4289 essentiam
1264 4243 1371 4310 oportet
1387 4253 1448 4290 esse

396 4324 468 4379 omni
485 4333 561 4380 motu
578 4332 606 4378 et
623 4325 794 4397 generatione
812 4331 954 4387 carentem,
973 4321 1099 4389 (vaenum
1118 4329 1205 4374 autem
1227 4318 1294 4374 nihil
1313 4329 1354 4375 est
1372 4319 1447 4398 ipsa)

396 4412 466 4467 eirea
484 4430 549 4467 vero
568 4430 597 4466 se
615 4411 700 4486 ipsam
718 4410 819 4465 firmam
837 4409 970 4482 energiam
987 4404 1128 4462 habentem
1139 4423 1194 4460 non
1206 4405 1329 4480 indigam,
1348 4405 1447 4483 plenis·
