3517 5434
856 665 897 728 8³
1346 680 1433 738 ιιιι.

318 834 415 894 ταῦτα
436 829 494 914 γάρ
513 829 704 913 κτησάμενος
721 831 776 914 μὲν
795 833 899 899 καλῶς
914 830 956 895 ἀν
979 831 1152 915 διανήζαιτο
1175 830 1263 896 τόνδε
1284 837 1335 900 τὸν
1356 835 1433 920 βίον,

282 998 286 1006 ,
319 927 479 1010 ἀμελήσας
511 926 545 989 δὲ
573 925 690 991 τοότων
717 930 865 1012 χαλεπῶς
894 927 930 991 ἀν
956 929 1190 1014 διαβαπτισθείη
1220 931 1432 1014 πλανώμενος.

317 1024 434 1108 τροφὴν
464 1024 499 1087 δὲ
530 1026 673 1108 σώματος
697 1029 748 1090 καὶ
776 1025 954 1109 ἐνδυμάτων
985 1027 1151 1112 περιβολὴν
1179 1028 1231 1090 καὶ
1259 1028 1313 1111 τὴν
1335 1027 1431 1111 ἀλλην

313 1121 433 1204 σκέπην
455 1121 590 1186 δέδωκεν
614 1124 631 1188 ό
654 1123 727 1191 θεὸς
746 1123 831 1209 αδτιγῖ
852 1123 919 1205 [οὐ]
942 1123 1160 1208 προηγούμενα
1182 1123 1279 1209 δῶρα,
1299 1125 1367 1188 ἀλλ’
1392 1128 1434 1194 ώς

214 1231 218 1238 “
317 1219 470 1300 ἀναγκαῖα
499 1222 577 1306 πρδς
604 1221 658 1304 τὴν
688 1221 822 1284 ἐνταῦθα
845 1229 899 1287 τοῦ
924 1222 1002 1286 εἶναι
1028 1221 1181 1297 σύστασιν,
1202 1221 1250 1286 ίνα
1274 1223 1349 1306 μετὰ
1373 1225 1465 1294 σώ-ε.

318 1337 415 1400 ματος
435 1317 583 1402 ὑπάρχων
613 1320 647 1382 τδ
680 1317 735 1402 μὲν
761 1323 814 1402 ζῆν
838 1319 889 1382 διά
910 1319 1025 1383 τούτων
1050 1317 1121 1405 ἔχη,
1144 1320 1178 1382 τδ
1202 1320 1236 1384 δὲ
1258 1326 1362 1384 πονεῖν
1382 1323 1432 1384 καὶ

317 1415 448 1477 κτάσθαι
470 1412 506 1476 τὰ
524 1413 656 1498 ῥηθέντα
675 1416 796 1484 ἀόκνως
816 1418 915 1502 μετίη.
957 1421 1024 1502 φῶς
1050 1416 1085 1478 δὲ
1107 1419 1305 1503 περιεποίησε
1329 1440 1432 1498 σωμα-

318 1512 399 1574 τικδν
419 1512 471 1574 καὶ
491 1513 683 1596 κατάλληλον
707 1512 802 1576 αὐτοῦ
826 1519 865 1598 τῇ
889 1514 980 1599 φύσει
1001 1515 1052 1578 καὶ
1076 1512 1154 1597 ἀέρα
1177 1517 1253 1600 πρδς
1277 1515 1432 1598 ἀναπνοὴν

317 1609 369 1672 καὶ
399 1608 482 1692 ὕδωρ
511 1609 561 1671 καὶ
585 1607 622 1671 τά
652 1608 733 1673 ἀλλα
764 1613 802 1695 δὴ
833 1612 893 1675 θσσ
921 1613 1083 1694 ἀναγκαῖα.
1138 1617 1234 1676 ταῦτα
1261 1613 1318 1698 γὰρ
1346 1611 1433 1684 κοινὰ

318 1707 373 1790 μέν
395 1711 532 1792 φυσικῶς
553 1706 664 1770 ἀπασιν
688 1709 863 1790 ἀνθρώποις
886 1710 1017 1794 ὑπάρχει
1039 1708 1123 1792 παρὰ
1150 1709 1224 1772 θεοῦ
1248 1711 1297 1773 καὶ
1319 1709 1374 1772 οῦκ
1395 1708 1430 1772 ἀν
1451 1729 1483 1782 10

318 1826 361 1872 τις
373 1805 450 1889 φαίη
463 1807 505 1873 ῶς
515 1807 559 1888 τιγῖ
570 1802 675 1887 πένητι
688 1802 814 1868 ἔλαττον
828 1810 884 1868 τοῦ
899 1807 1002 1891 φωτός
1016 1804 1179 1888 μέτεστι[ν]
1194 1806 1212 1888 ἢ
1225 1810 1279 1888 τῆς
1289 1810 1347 1868 τῶν
1363 1807 1432 1868 ὑδά-

318 1923 378 1989 των
399 1903 547 1986 χορηγίας
568 1900 639 1964 οὔτε
660 1901 718 1984 μὴν
738 1905 791 1984 τῆς
811 1903 888 1986 πρδς
905 1905 939 1966 τδ
964 1905 1016 1984 ζῆν
1039 1904 1250 1986 φυσικωτάτης
1267 1903 1431 1984 ἀναπνοῆς.

317 1999 369 2060 καὶ
389 2000 556 2082 ἀναγκαίαν
578 1999 613 2062 δὲ
632 2000 685 2084 τὴν
703 2000 819 2084 τροφὴν
841 2000 885 2079 (εί
896 2000 947 2062 καὶ
962 1999 1002 2084 μὴ
1018 1998 1091 2064 ἀνευ
1106 2001 1246 2083 ἱδρῶτος)
1266 2000 1431 2084 πορίζεται.

318 2093 387 2156 ἀλλ’
413 2094 499 2178 ὅμως
527 2099 629 2166 κοινδς
655 2101 719 2165 τοῖς
738 2100 814 2159 πᾶσί
838 2101 893 2180 τῆς
912 2097 988 2181 πρὸς
1009 2097 1043 2160 τδ
1067 2097 1241 2178 ἀναγκαίως
1264 2102 1316 2179 ζῆν
1339 2117 1432 2179 χορη-

315 2191 383 2273 γίας
410 2191 426 2254 ό
450 2192 571 2277 τρόπος.
617 2193 734 2279 χρυσός
761 2216 794 2256 τε
817 2195 868 2256 καὶ
898 2192 1029 2277 ἄργυρος
1053 2195 1103 2256 καὶ
1127 2193 1209 2284 λίθοι
1231 2195 1333 2278 τίμιοι,
1356 2190 1429 2276 παρ’
1451 2213 1483 2268 15

317 2288 412 2351 αὐτοῦ
443 2290 495 2354 καὶ
525 2295 622 2354 ταῦτα
648 2295 711 2359 τοῖς
736 2289 933 2374 κεκτημένοις
962 2291 1109 2376 ὑπάρχει,
1144 2289 1180 2354 οὐ
1205 2293 1262 2376 μὴν
1285 2290 1379 2354 πλέον
1405 2313 1432 2352 τι

317 2387 517 2472 συμβάλλοιτ’
548 2385 583 2451 ἀν
611 2388 689 2471 πρδς
717 2387 772 2469 τὴν
799 2387 1025 2473 προειρημένην
1055 2390 1223 2474 ἐμπορίαν,
1257 2389 1284 2451 εἰ
1312 2388 1352 2471 μὴ
1381 2388 1432 2450 καὶ

317 2487 435 2566 μᾶλλον
455 2485 648 2569 έμποδίσειεν
667 2485 714 2550 ἀν.
749 2483 836 2568 ὅμως
859 2486 895 2548 δὲ
915 2483 986 2548 οὔτε
1006 2486 1095 2571 πενία
1113 2485 1274 2572 ἀνέφικτος
1291 2487 1310 2570 ἡ
1327 2505 1432 2570 προτε·

316 2581 407 2645 θεῖσα
434 2582 519 2667 παρὰ
548 2583 624 2646 θεοῦ
651 2588 715 2652 τοῖς
739 2583 916 2666 ἀνθρώποις
939 2584 1050 2668 πορεία
1074 2584 1144 2648 οὔτε
1168 2584 1291 2670 πλοότῳ
1316 2585 1432 2666 μᾶλλον

317 2677 424 2761 ῥᾳδία,
450 2681 519 2744 ἀλλ’
550 2681 736 2766 ἀμφοτέρως
756 2680 853 2744 ἔνεστι
874 2685 938 2749 τοῖς
959 2703 993 2762 γε
1014 2683 1266 2751 σπουδαιοτάτοις
1285 2682 1337 2764 τὴν
1359 2701 1431 2764 προ·
1448 2696 1484 2752 20

316 2773 457 2860 κειμένην
484 2781 585 2860 τεμεῖν
612 2776 696 2840 όδόν.
742 2779 831 2841 πενία
859 2779 913 2860 μὲν
941 2779 998 2863 γάρ
1020 2779 1070 2841 διὰ
1092 2779 1252 2864 καρτερίας
1274 2779 1325 2840 καὶ
1349 2777 1432 2840 ἐλευ-

317 2869 510 2956 θεριότητος,
540 2876 673 2943 πλοῦτος
702 2876 737 2938 δὲ
766 2875 817 2938 διὰ
845 2876 1106 2960 μετριοφροσόνης
1132 2877 1183 2940 καὶ
1209 2879 1262 2937 τοῦ
1284 2877 1431 2959 προτιμᾶν

316 2971 376 3029 τῶν
399 2969 552 3034 δοθέντων
573 2971 624 3033 τδν
646 2971 805 3036 δεδωκότα
825 2971 1053 3054 κατορθώσειεν
1072 2970 1106 3034 ἀν
1121 2972 1154 3036 τδ
1171 2969 1432 3053 σπουδαζόμενον,

319 3067 361 3132 ώς
381 3066 457 3150 μήτε
475 3068 527 3130 τδν
547 3067 747 3152 πτωχεύοντα
769 3069 950 3153 δυσχερείας
973 3067 1045 3131 ἄνευ
1070 3071 1119 3134 καὶ
1138 3069 1240 3133 πόνων
1259 3068 1432 3153 ἐπιβάλλειν

316 3167 360 3248 τῷ
380 3165 613 3248 κατορθώματι,
641 3166 763 3230 δεῖσθαι
785 3167 820 3230 δὲ
842 3166 1030 3249 προσεχείας
1051 3165 1094 3246 (εἰ
1117 3166 1170 3229 καί
1190 3187 1233 3234 τις
1255 3164 1339 3250 αὐτῷ
1360 3165 1431 3249 πρό·
1448 3179 1483 3232 95

318 3280 415 3321 σεστιν
437 3260 649 3345 ἀφροντιστία)
670 3265 747 3347 πρὸς
766 3265 799 3327 τδ
820 3264 862 3346 μὴ
883 3267 937 3344 τῆς
957 3265 1113 3348 πτωχείας
1125 3264 1213 3348 χάριν
1229 3261 1432 3346 ἀνελεύθερόν

316 3378 343 3417 τι
356 3355 411 3438 μὲν
425 3357 545 3441 δρᾶσαι,
558 3360 810 3444 ἀγανακτήσαντα
825 3360 860 3422 δὲ
872 3361 949 3443 πρὸς
961 3359 1071 3444 ταύτην
1088 3360 1237 3443 διελέγξαι
1251 3361 1303 3444 τὴν
1319 3359 1432 3422 οἰκείαν

315 3455 461 3536 πρόθεσιν
476 3459 519 3523 ῶς
530 3459 647 3538 μᾶλλον
661 3457 697 3521 ἀν
711 3457 785 3522 θεοῦ
798 3457 897 3542 τιμώη
911 3455 948 3520 τά
959 3459 1036 3542 πρδς
1048 3458 1142 3521 αὐτοῦ
1156 3456 1348 3541 διδόμενα-
1358 3457 1433 3538 μήτε

316 3551 369 3632 τὴν
382 3553 562 3635 περιουσίαν
576 3554 721 3639 πλείστην
734 3555 918 3638 κεκτημένον
935 3553 1028 3618 ώνίυυ
1041 3554 1151 3639 τρόπον
1167 3551 1270 3639 ἑαυτῷ
1284 3553 1434 3616 δύνασθαι

317 3646 476 3730 εὐσέβειάν
506 3669 539 3711 τε
562 3651 613 3713 καλ
641 3652 751 3736 ἀρετὴν
778 3653 984 3737 πορίσασθαι,
1020 3651 1101 3714 ἀλλά
1131 3651 1273 3718 πλείονος
1304 3651 1484 3734 ἱδρώτοςθθ

316 3745 393 3828 πρδς
412 3749 501 3806 τοῦτο
526 3746 657 3809 δεῖσθαι.
690 3750 896 3832 χειμάζεσθαι
913 3749 971 3834 γὰρ
994 3751 1110 3832 μᾶλλον
1131 3748 1182 3811 τδν
1198 3753 1336 3812 τοιοῦτον
1353 3747 1433 3813 εἰκδς

317 3840 370 3923 τὴν
394 3841 541 3917 διάνοιαν,
568 3848 608 3928 τῇ
630 3844 769 3929 φροντίδι
795 3843 994 3929 μεριζόμενον
1022 3844 1099 3929 πρός
1128 3863 1161 3908 τε
1182 3843 1219 3908 τὰ
1242 3843 1327 3913 έκτδς
1358 3841 1435 3929 πρός

316 3960 349 4001 τε
370 3937 408 4001 τά
427 3939 497 4023 περὶ
518 3940 572 4022 τὴν
596 3941 710 4026 ψυχήν,
732 3944 784 4018 ώς,
808 3942 836 4004 εἰ
860 3942 902 4024 μὴ
927 3943 1077 4025 πάρεργον
1104 3941 1183 4005 εἶναι
1202 3943 1359 4010 παντελῶς
1381 3942 1431 4004 τδν

316 4036 449 4100 πλοῦτον
473 4037 607 4122 οἰηθείη,
632 4037 720 4124 ἔργον
745 4037 780 4100 δὲ
799 4036 894 4122 μόνον
919 4039 1068 4123 τὴνπρδς
1086 4039 1158 4102 θεὸν
1179 4039 1298 4119 φιλίαν,
1331 4039 1432 4122 βαπτι-

318 4133 465 4216 σθήσεται
477 4135 554 4218 πρδς
567 4134 673 4200 ἄνοιαν
686 4138 833 4218 παντελῆ,
853 4135 894 4220 μὴ
911 4136 1020 4203 συνιεὶς
1033 4139 1076 4204 ῶς
1092 4138 1126 4200 τδ
1140 4141 1260 4220 πρῶτον
1274 4136 1325 4199 καὶ
1339 4133 1432 4217 μόνον
1449 4147 1483 4204 35

318 4229 435 4312 ἀγαθδν
467 4231 563 4301 ’ἐάσας
593 4232 737 4297 δουλεόει
766 4238 866 4318 νεκριγῖ
893 4232 1034 4318 πλοότφ,
1070 4232 1103 4296 δν
1135 4232 1294 4296 ἀπολιπών
1328 4231 1434 4300 ἀλλοις

318 4325 486 4411 οἰχήσεται.
537 4330 695 4401 ἀκίνδυνος
728 4331 783 4415 μὲν
817 4327 871 4393 οόν
906 4329 953 4394 ἐπ’
990 4329 1057 4416 ἴσης
1090 4329 1161 4392 οὔτε
1190 4329 1330 4413 πλουσίῳ
1363 4325 1433 4390 οὔτε

317 4421 424 4508 πένητι
444 4427 498 4507 τῆς
517 4424 628 4510 ἀρετῆς
647 4428 666 4510 ἡ
689 4428 801 4513 πορεία
824 4427 861 4490 οῦ
885 4429 943 4513 μὴν
966 4427 1032 4491 οὐδ’
1056 4426 1217 4511 ἀνέφικτος
1242 4419 1345 4488 οὐδενὶ
1366 4427 1432 4489 τοῦ·

318 4541 396 4599 τοιν,
427 4520 571 4605 ἀλλήλων
598 4522 634 4586 δὲ
662 4511 846 4611 διαφέρουσι
874 4523 966 4608 μόνον
987 4528 1027 4608 τῇ
1048 4525 1107 4586 τῶν
1133 4520 1248 4592 ἔξωθεν
1273 4523 1434 4610 περιβολῇ,
