3517 5434
866 680 907 740 92

335 843 476 927 ἀνδρείας
505 845 556 907 καὶ
587 844 797 928 δικαιοσύνης,
828 846 900 910 όλαι
928 846 1012 931 παρὰ
1042 850 1086 930 τῶ
1113 843 1201 929 νόμῳ
1228 844 1387 928 φαίνονται
1417 844 1456 906 αἱ
1577 896 1581 908 .

335 941 451 1025 ἀρεταί.
496 942 546 1005 διά
573 946 662 1004 τοῦτο
693 943 709 1005 ὑ
732 943 922 1028 βουλόμενος
944 943 1022 1006 εἶναι
1046 946 1180 1028 σώφρων
1204 939 1328 1026 ἔχειτὰ
1351 941 1454 1025 μαθή-

335 1061 426 1122 ματα.
469 1042 485 1103 ό
509 1038 650 1102 σπεύδων
674 1039 752 1102 εἶναι
774 1041 933 1125 φρόνιμος,
959 1041 1012 1111 τὰς
1031 1039 1175 1126 ἀφορμὰς
1196 1043 1251 1102 τοὺ
1277 1037 1373 1122 νόμου
1397 1041 1454 1102 λα-

335 1137 414 1220 βών,
445 1136 597 1221 ἀριστεύει
625 1138 657 1200 ἐν
686 1143 730 1223 τῷ
749 1140 911 1222 πράγματι.
956 1141 972 1203 ό
997 1137 1186 1226 βουλόμενος
1209 1135 1288 1200 εἶναι
1310 1137 1455 1220 ἀνδρεῖος

300 1226 321 1294 5'
335 1233 515 1318 ἀλειφέσθω
542 1239 608 1303 ταῖς
632 1236 860 1319 παραγγελίαις.
908 1239 924 1301 ό
949 1237 1131 1308 σπουδάζων
1156 1234 1350 1317 δικαιοσύνης
1371 1234 1453 1318 ἀψα-

335 1331 408 1393 σθαι
435 1332 469 1394 τδ
500 1332 647 1415 στάθμιον
676 1338 730 1416 τῆς
756 1335 951 1418 δικαιοσύνης
975 1334 1123 1418 κρατείτω
1149 1333 1200 1396 καὶ
1231 1331 1322 1394 οὐδὲν
1346 1330 1452 1395 άνισον

333 1429 451 1511 πράξει,
474 1429 604 1513 σταθμῷ
623 1429 818 1514 δικαιοσύνης
836 1430 874 1493 τά
895 1432 994 1494 πάντα
1013 1433 1162 1514 πράττων.
1198 1429 1250 1494 καὶ
1270 1429 1454 1512 φρονήσεως

336 1525 391 1608 μὲν
422 1525 454 1587 ἐν
483 1526 606 1610 μεθέξει
636 1526 813 1611 γιγνόμενος
835 1527 951 1611 λεγέτω
977 1531 1013 1604 ,ό
1036 1528 1110 1597 θεὸς
1132 1526 1253 1596 ἐδιδαξέ
1278 1547 1316 1608 με
1338 1525 1451 1608 σοφίαν

335 1623 385 1684 καὶ
398 1621 546 1706 φρόνησις
558 1623 731 1708 ἀνθρώπων
753 1624 810 1688 οὑκ
829 1623 909 1688 ἔστιν
931 1625 962 1688 ἐν
983 1626 1084 1710 ἐμοί“,
1103 1624 1152 1688 ίνα
1164 1626 1217 1709 τὴν
1231 1621 1451 1706 πεπλασμένην

286 1731 319 1784 10
335 1720 446 1803 ταύτην
473 1721 523 1783 καὶ
552 1719 787 1805 πεπλανημένην
823 1722 994 1806 ἐξωθὴσας,
1028 1724 1082 1807 τὴν
1119 1723 1242 1807 ἀρίστην
1278 1721 1329 1784 καὶ
1359 1717 1450 1782 ’θείαν

336 1819 519 1902 ἀσπάσηται.
552 1818 769 1903 σωφροσύνης
797 1819 831 1882 δὲ
854 1820 1065 1903 ὑποδείγματα
1089 1821 1180 1905 μυρία
1204 1819 1329 1904 εὑρήσει
1352 1820 1450 1900 ζητῶν

220 1970 224 1976 .
336 1916 352 1980 ό
374 1916 608 1998 ἀναγινώσκων,
636 1916 674 1979 τὰ
699 1916 908 1999 ὑποδείγματα
933 1918 1070 1982 ἐκτυπῶν
1094 1919 1145 1981 καὶ
1170 1917 1307 2002 ἄλειμμα
1329 1935 1451 1998 σωφρο-

336 2011 428 2096 σύνης
454 2014 492 2079 τά
517 2015 635 2078 παλαιά
661 2014 871 2098 ὑποδείγματα
899 2015 1081 2100 δεχόμενος,
1112 2020 1163 2082 τὸν
1190 2016 1311 2079 νεανίαν
1334 2013 1451 2076 ἐκεῖνον

335 2113 386 2174 τδν
414 2112 545 2196 ἀκμαῖον
568 2115 620 2176 τὸν
642 2113 703 2176 ἀπδ
726 2115 786 2174 τῶν
809 2112 955 2196 ἀδελφῶν
980 2114 1221 2198 δεδομένονικαὶ
1241 2113 1302 2177 ἀπὸ
1323 2115 1376 2174 τοῦ
1399 2108 1451 2172 Ac-

287 2219 318 2272 ¹5
335 2211 461 2291 γυπτίου
488 2210 680 2293 ἐωνημένον,
712 2210 763 2272 τὸν
792 2211 845 2293 τὴν
877 2210 1056 2298 ἐλευθερίαν
1080 2216 1299 2295 τοῦσώματος
1321 2209 1451 2293 μεταβα·

336 2306 439 2386 λόντα,
461 2308 671 2392 ἀμετάβλητον
690 2309 725 2372 δὲ
746 2309 800 2390 τὴν
822 2308 1002 2392 ἐλευθερίαν
1015 2315 1068 2395 τὴς
1081 2316 1183 2397 ψυχῆς
1201 2304 1451 2391 διατετηρηκότα,

335 2405 386 2466 τὸν
409 2405 643 2487 ἀποδυσάμενον
666 2405 705 2467 τά
728 2407 831 2488 ἱμάτια
852 2405 902 2467 ἵνα
927 2406 967 2488 μὴ
990 2407 1043 2489 τὴν
1069 2406 1272 2493 σωφροσύνην
1295 2402 1451 2486 ἀποδὺση-

334 2525 395 2579 ται,
418 2502 469 2564 τδν
493 2501 544 2586 βίη
563 2502 617 2584 μὲν
639 2501 677 2564 τά
701 2503 804 2585 ίμάτια
824 2503 1043 2586 ἀφαιρεθέντα,
1069 2506 1101 2577 ἐξ
1123 2507 1255 2589 ἀνάγκης
1274 2503 1309 2566 δὲ
1329 2523 1450 2585 σωφρο-

337 2601 428 2684 σύνης
452 2600 492 2683 μὴ
517 2598 767 2674 ἀποσπασθέντα,
787 2600 838 2662 τδν
860 2599 971 2664 παθεῖν
996 2603 1143 2688 ἑλόμενον
1164 2601 1272 2684 ἵναμὴ
1294 2605 1339 2686 τῷ
1357 2598 1452 2662 πάθει

285 2702 390 2781 ἀυτῆς
420 2698 534 2781 ἡδονῆς
559 2695 658 2781 πέοη,
691 2698 741 2761 τὸν
773 2698 838 2760 ἀντὶ
868 2697 989 2768 πάθους
1012 2703 1065 2783 τῆς
1092 2701 1206 2783 ἡδονῆς
1235 2698 1266 2761 ἐν
1288 2697 1371 2766 τάξει
1390 2700 1450 2760 τῶν

337 2797 470 2879 δεσμίων
489 2794 647 2877 γεγονότα,
666 2796 717 2858 τδν
741 2794 890 2878 ἑλόμενον
912 2797 1071 2881 δεσμώτην
1095 2798 1172 2860 εἶναι
1191 2796 1241 2860 ἵνα
1262 2795 1303 2880 μὴ
1327 2793 1453 2878 δέσμιος

336 2897 390 2976 τῆς
409 2894 524 2976 ἡδονῆς
546 2893 679 2977 εὑρεθῆ,
708 2892 760 2954 τδν
783 2894 834 2956 τδν
859 2893 975 2977 φθόνον
997 2900 1051 2977 τῆς
1071 2895 1199 2979 αἰσχρᾶς
1218 2893 1359 2979 πράξεως
1378 2913 1451 2975 προ-

336 2989 496 3074 κρίναντα,
528 2992 580 3054 τδν
609 2991 793 3075 νομισθῆναι
820 2991 837 3053 δ
868 2991 909 3074 μὴ
937 2989 974 3074 ἡν
1004 2990 1209 3076 βουληθέντα·
1245 2992 1370 3055 κάλλιον
1393 2989 1450 3073 γὰρ

337 3087 497 3171 ἐλογίσατο
526 3090 561 3151 τδ
593 3089 776 3172 νομιοθὴναι
797 3088 924 3172 αἰσχρὸν
946 3088 965 3171 ἡ
990 3087 1068 3152 εἶναι
1089 3090 1139 3151 καὶ
1162 3090 1340 3152 λανθάνειν·
1373 3085 1450 3170 γινό·

285 3191 319 3246 25
338 3207 428 3266 μενος
455 3186 512 3269 γὰρ
543 3187 595 3249 καὶ
618 3186 779 3249 λανθάνων
804 3185 916 3248 ἐδεδίει
940 3186 1078 3270 μάρτυρα
1100 3188 1150 3250 τὸν
1173 3183 1265 3262 θεόν,
1295 3185 1452 3269 νομισθεὶς

308 3283 372 3355 ,δὲ
400 3285 522 3368 ἠρκεῖτο
555 3288 599 3368 τῷ
628 3282 746 3368 ἐπόπτγγ
778 3288 980 3368 μαρτυροῦντι
1004 3287 1067 3352 τοῖς
1088 3283 1285 3367 γιγνομένοις.
1327 3284 1378 3346 καὶ
1398 3287 1452 3366 τὴς

234 3399 238 3409 ·
337 3381 392 3463 μὲν
423 3382 626 3466 σωφροσύνης
653 3379 824 3465 ὑπόδειγμα
843 3385 952 3458 τοῦτο,
982 3385 1035 3463 τῆς
1056 3383 1090 3445 δὲ
1113 3382 1255 3466 ἀνδρείας
1273 3381 1375 3444 πολλὰ
1395 3381 1450 3464 μὲν

335 3479 385 3540 καὶ
406 3476 499 3555 ἀλλα,
521 3480 623 3542 ίκανδν
649 3479 684 3540 δέ
705 3480 739 3541 τὸ
758 3483 812 3561 τῆς
830 3476 957 3559 Ἰουδιθ,
982 3478 1028 3542 ὅτι
1048 3478 1171 3562 γύναιον
1192 3479 1300 3564 ἦνκαὶ
1323 3477 1452 3547 ἀσθενὲς

335 3574 444 3658 ἦνκαὶ
466 3575 600 3660 ἀτολμον
620 3577 669 3660 ἡν,
693 3576 759 3639 ἐπεὶ
777 3576 901 3658 γύναιον
923 3575 971 3661 ἡν,
996 3575 1145 3661 εὔτολμον
1171 3577 1205 3642 δὲ
1227 3577 1277 3641 καλ
1298 3577 1451 3660 ἀνδρεῖον,

284 3681 320 3734 30
337 3673 404 3735 ἐπεὶ
422 3675 527 3744 πιστὸν
548 3673 597 3759 ἡν,
622 3675 668 3738 ότι
687 3672 724 3736 τὰ
747 3673 884 3736 ἀδύνατα
906 3677 972 3742 ταῖς
991 3677 1188 3760 προσδοκίαις
1202 3680 1262 3739 τῶν
1278 3674 1450 3758 ἀνθρώπων

337 3770 451 3834 δυνατὰ
471 3777 510 3855 τῇ
530 3772 656 3856 ἀνδρεία
676 3769 896 3848 ἀποδέδωκεν,
927 3771 972 3836 ότι
994 3773 1031 3836 τὰ
1053 3771 1270 3858 ἀπροσδόκητα
1292 3771 1335 3840 είς
1355 3771 1450 3833 πίστιν

335 3869 387 3930 καὶ
411 3868 521 3931 ἐλπιδα
543 3868 667 3952 ἤγαγεν,
689 3870 816 3954 ἀνδρεία
836 3869 936 3932 πίστει
958 3873 1173 3955 κεκρατηκυῖα.
1219 3868 1257 3932 τά
1274 3867 1332 3952 γὰρ
1352 3869 1452 3954 τειχία

336 3964 526 4052 ἀνεῴγνυντο
547 3967 596 4030 καὶ
618 3965 703 4051 ἐξῄει
722 3968 742 4049 ἡ
765 3971 864 4036 νεᾶνις
887 3968 937 4030 καὶ
960 3967 1036 4051 μετὰ
1056 3968 1217 4052 παιδίσκης
1241 3965 1336 4050 μόνης
1356 3965 1451 4050 ἐξβει,

293 4064 302 4087 ’
336 4063 374 4126 ού
395 4065 429 4127 τδ
451 4064 585 4127 ὑποπτον
607 4070 662 4128 τοὺ
683 4067 818 4134 κάλλους
837 4066 995 4142 δειλιῶσα,
1017 4066 1054 4129 οὑ
1074 4065 1111 4129 τὰ
1129 4066 1200 4150 ξίφη
1223 4064 1451 4150 εὐλαβουμένη,

284 4171 320 4224 35
336 4162 375 4225 οὑ
401 4162 579 4247 φοβηθεῖσα
606 4164 647 4247 μὴ
673 4164 843 4248 λαγνεὺση,
875 4165 918 4247 μὴ
943 4163 994 4248 βία
1016 4164 1184 4227 ἀκολασίαν
1208 4163 1376 4248 ὑπομείνη,
1408 4163 1450 4246 μὴ

337 4261 483 4324 ἐειλιῶσα
506 4262 548 4345 μή
570 4283 598 4323 τι
615 4261 676 4325 ἀπὸ
701 4261 807 4347 ξίφους
828 4261 1001 4332 ἐξαπίναιον
1023 4261 1128 4344 πάθη,
1161 4261 1242 4325 ἀλλὰ
1263 4261 1296 4324 τδ
1319 4261 1373 4344 μὲν
1396 4283 1450 4345 φο-

337 4359 426 4444 βερὸν
456 4365 510 4424 τοῦ
538 4359 645 4446 ξίφους
669 4356 709 4442 τῇ
735 4358 862 4443 ἀνδρεία
890 4363 1020 4440 νικῶσα,
1050 4361 1084 4423 τδ
1114 4359 1148 4422 δέ
1176 4359 1291 4427 κάλλος
1316 4364 1362 4444 τῷ
1386 4359 1452 4443 θεῷ

331 4457 575 4542 παρατιθεμένη.
623 4454 796 4527 ἀξιόπιστον
825 4456 883 4542 γὰρ
914 4459 966 4521 τδν
1000 4457 1073 4521 θεὸν
1105 4455 1230 4542 φύλακα
1260 4457 1364 4540 ἡγεῖτο
1395 4457 1451 4518 τοὺ

336 4556 485 4637 κάλλους,
500 4554 649 4654 ’φρύγανα
671 4553 707 4616 δέ
728 4554 780 4618 καὶ
802 4554 943 4642 πάπυρον
965 4554 1003 4620 τὰ
1021 4555 1092 4640 ξίφη
1118 4551 1289 4638 ἐλογίζετο,
1316 4575 1451 4638 πεπατη-
