3517 5434
324 845 540 930 στρεβλοῦνται
569 846 617 908 δὲ’
636 848 666 910 οἱ
696 847 857 929 δαίμονες,
889 845 991 912 οὐκέτι
1020 851 1065 932 τηῖ
1092 845 1191 932 ὁμοίην
1215 848 1439 933 βασανίζονται,

324 941 393 1004 ἄλλ’
418 941 518 1026 ἕτεροι
537 942 622 1014 ὄντες
644 946 703 1007 ὑπὸ
725 942 832 1029 ἑτέρου
856 943 1087 1029 βασανίζονται,
1118 946 1221 1010 οὐκέτι
1242 952 1295 1030 τὴς
1317 945 1440 1030 φύσεως

324 1039 435 1122 ταότης
456 1039 531 1102 οὐδὲ
552 1045 606 1124 τῆς
625 1041 746 1110 οόοίας·
769 1041 876 1125 ἑτέρας
896 1040 952 1125 γὰρ
975 1041 1101 1128 ἐδείχθη
1126 1045 1233 1116 οὐσίας
1252 1046 1272 1128 ἡ
1295 1042 1438 1128 ἄβυσσος.

323 1137 374 1200 καὶ
405 1136 450 1200 ότι
474 1137 528 1221 μὲν
552 1137 581 1199 οἱ
604 1139 748 1221 δαίμονες
769 1137 876 1222 ἑτέρου
899 1137 1007 1220 γένους
1029 1141 1079 1203 καὶ
1102 1141 1208 1226 ἑτέρας
1230 1141 1337 1209 οὐσίας
1357 1138 1440 1223 παρὰ

324 1234 376 1316 τὴν
399 1232 546 1318 ἄβυσσον,
569 1234 657 1298 ἱκανὰ
678 1235 715 1298 τὰ
737 1234 893 1319 εἰρημένα.
928 1235 979 1298 καὶ
1000 1235 1074 1320 αὕτη
1098 1240 1132 1302 δὲ
1152 1241 1171 1322 ἡ
1192 1239 1326 1327 ἄβυσσος
1344 1239 1472 1322 βοισα-ις

324 1332 474 1414 νιστήριον
497 1331 551 1413 μὲν
576 1331 639 1394 ἐστὶ
661 1332 711 1394 καὶ
733 1332 953 1417 κολαστήριον,
977 1331 1033 1396 οὐκ
1056 1335 1179 1398 αἰώνιον
1203 1338 1238 1400 δὲ
1261 1335 1332 1400 οὔτε
1355 1333 1439 1416 ἀγέν-

324 1449 424 1510 νητον,
447 1427 515 1490 ἄλλ’
541 1428 666 1512 ὕστερόν
686 1432 761 1494 ποτε
784 1429 1005 1514 γεγενημένον,
1042 1431 1101 1516 ὀψέ
1130 1456 1205 1497 ποτε
1232 1429 1439 1515 πεποιημένον

324 1525 389 1588 ἀντὶ
412 1525 577 1607 φαρμάκου
597 1529 648 1590 καὶ
669 1527 867 1612 βοηθήματος
887 1531 950 1596 τοῖς
969 1527 1187 1613 ἡμαρτηκόσιν.
1230 1529 1309 1613 ἱεραὶ
1328 1527 1386 1610 γὰρ
1409 1527 1440 1588 αἱ

325 1622 483 1704 μάστιγες,
510 1625 671 1707 φάρμακον
696 1623 786 1688 οὖσαι
808 1629 867 1688 τῶν
891 1623 1127 1708 ἡμαρτηκότων·
1163 1627 1241 1712 ἱεραὶ
1263 1627 1295 1690 αἱ
1315 1624 1439 1708 πληγαί,

325 1719 512 1804 βοηθήματα
531 1721 737 1803 τυγχάνουσαι
758 1727 817 1784 τῶν
841 1720 1030 1806 σφαλέντων.
1067 1721 1103 1784 οὐ
1125 1723 1182 1808 γὰρ
1203 1723 1252 1786 ίνα
1273 1725 1331 1787 ὦσι
1350 1721 1438 1784 κακοὶ
1457 1738 1490 1792 10

325 1819 357 1879 οιί
372 1818 501 1899 -πληγαὶ
528 1816 705 1900 γεγόνασιν,
737 1820 808 1882 ἄλλ’
839 1818 925 1886 ὅπως
954 1820 994 1902 μὴ
1017 1813 1083 1882 ὦσι
1113 1821 1202 1884 κακοὶ
1228 1822 1385 1904 γεγόνασιν
1409 1818 1440 1880 αἱ

326 1915 477 1997 μάστιγες.
521 1914 709 1997 λυπούμενοι
733 1914 790 1999 γὰρ
816 1939 852 2000 τη
880 1917 986 1999 πληγή
1016 1917 1045 1978 οἱ
1070 1917 1160 1980 κακοὶ
1186 1922 1225 2001 τῇ
1250 1919 1370 2001 μάστιγι
1390 1936 1439 1976 κο-

324 2013 454 2096 λοβοῦσι
482 2011 519 2074 τὰ
550 2013 639 2074 κακά.
686 2013 736 2076 διὰ
764 2017 855 2074 τοῦτο
886 2012 960 2076 οὐδὲ
988 2012 1041 2081 τὰς
1064 2013 1218 2098 ἀβύσσους
1239 2010 1440 2098 μεμφόμεθα,

324 2107 394 2171 ἄλλ’
417 2108 545 2193 οίδαμεν
566 2109 612 2172 ότι
632 2111 865 2194 βασανιστήριον
893 2111 944 2172 καὶ
966 2111 1167 2202 κρλοιστήριον
1190 2110 1350 2194 γεγόνασι,
1382 2132 1439 2170 σω-

325 2209 493 2290 φρονισμδς
514 2213 573 2270 τῶν
598 2206 819 2291 ἡμαρτηκότων
843 2209 1059 2292 τυγχάνουσαι.
1099 2208 1126 2270 εἰ
1149 2209 1183 2272 δὲ
1206 2207 1437 2294 βαοανιστήριυν
1458 2223 1491 2280 15

325 2305 375 2368 καλ
398 2305 639 2390 στρεβλωτήριον
664 2326 683 2388 η
703 2303 848 2390 ἄβυσσος,
873 2307 1089 2390 στρεβλοῦνται
1108 2305 1142 2368 δὲ
1156 2305 1206 2368 καὶ
1228 2304 1441 2391 βασανίζονται

320 2403 355 2464 ὀἱ
389 2402 533 2485 δαίμονες
565 2406 615 2466 καὶ
645 2404 698 2485 τὴν
732 2403 838 2466 οὐσίαν
867 2400 991 2488 ἔχουσιν
1022 2402 1143 2485 εὐπαθῆ
1175 2404 1251 2487 πρὸς
1278 2399 1315 2462 τὰ
1347 2402 1439 2485 βασα-

324 2500 460 2583 νιστήρια
482 2500 533 2562 καὶ
556 2499 700 2564 δύνανται
725 2499 806 2585 ἔχειν
829 2501 880 2564 καὶ
901 2500 1068 2584 ἀλγηδόνα,
1092 2498 1266 2586 ὑπόκεινται
1283 2499 1333 2562 καὶ
1349 2521 1439 2581 τιμω-

323 2598 375 2681 ρίη
401 2598 452 2660 καὶ
478 2597 636 2682 ἄντιληψιν
664 2595 772 2682 ἔχουσι
794 2604 854 2660 τῶν
878 2601 1058 2676 κολάσεων,
1091 2602 1157 2666 πῶς
1183 2595 1340 2680 ἄγένητοι;
1375 2599 1441 2664 πῶς

326 2695 392 2770 άεί;
419 2699 485 2764 πῶς
508 2694 658 2758 οὐδέποτε
680 2695 827 2779 ήρξαντος
849 2701 915 2766 πῶς
935 2695 989 2780 ἄρ’
1015 2696 1133 2757 ἑαυτῶν
1158 2695 1231 2756 εἰσιν
1256 2694 1285 2756 οἱ
1303 2693 1343 2776 μή
1357 2693 1438 2756 ,ἄπα-
1456 2711 1491 2766 20

326 2788 401 2866 θεῖς,
425 2794 454 2854 οἱ
474 2793 584 2854 παθεῖν
607 2793 772 2875 δυνάμενοι
793 2796 845 2856 καὶ
867 2791 1081 2876 τιμωρηθῆναι
1099 2791 1267 2876 ίσχόοντες;
1290 2789 1440 2854 οὐδέποτε

325 2890 382 2972 γὰρ
408 2891 441 2952 τδ
463 2887 608 2973 ἀγένητον
633 2888 723 2952 οὐδὲν
744 2891 881 2952 πείσεται
905 2889 980 2952 οὐδὲ
1005 2889 1061 2952 ὑπὸ
1085 2891 1163 2956 τινδς
1181 2887 1440 2972 τιμωρηθήσεται,

325 2988 396 3050 ἄλλ’
424 2987 479 3071 ἄρ’
500 2988 622 3050 ιἑαυτοῦ
653 2987 822 3071 ἀρξάμενον
849 2987 965 3072 ἑαυτῷ·
985 2984 1069 3068 μένει
1098 2986 1149 3048 καὶ
1179 2985 1219 3068 μή
1251 2985 1306 3068 ἀφ’
1332 2985 1439 3068 ἑτέρου

326 3085 491 3167 δεξάμενον
517 3085 570 3169 τὴν
604 3084 702 3169 ἀρχὴν
733 3083 808 3146 οὐδὲ
833 3082 890 3166 ἀφ’
915 3082 1022 3167 ἑτέρου
1046 3084 1099 3166 τὴν
1122 3082 1268 3166 τιμωρίαν
1291 3083 1441 3168 λαμβάνει

325 3184 375 3246 καὶ
402 3183 443 3266 μὴ
468 3179 714 3267 ἐπιγραφόμενον
736 3184 787 3245 τὸν
811 3179 917 3256 οιίτιον,
941 3179 997 3242 οὐκ
1022 3180 1263 3264 ἐπιγραφήσεται
1284 3179 1438 3242 τόνκολά-
1456 3197 1490 3260 2⁶

326 3283 427 3356 ζοντα,
446 3282 497 3343 καὶ
509 3281 545 3344 οὐ
556 3281 733 3365 κριθήσεται
752 3276 827 3362 παρ’
850 3276 968 3361 ἑτέρου,
990 3279 1030 3361 μὴ
1051 3278 1123 3361 παρ’
1145 3276 1251 3360 ἑτέρου
1271 3277 1439 3362 ἀρξάμενον

324 3379 376 3440 καὶ
398 3377 434 3440 οὐ
456 3378 669 3464 φοβηθήσεται
692 3376 816 3452 οὐδένα,
839 3373 913 3459 παρ’
939 3373 1066 3444 οὐδενὸς
1089 3378 1121 3439 τδ
1145 3373 1223 3438 εἶναι
1245 3371 1382 3457 εἰληφός.
1414 3373 1444 3435 τί

324 3475 453 3558 γὰρκαὶ
477 3475 705 3561 φοβηθήσετοιι,
731 3476 759 3539 εἰ
778 3474 896 3538 τελείαν
919 3474 972 3557 τὴν
998 3473 1138 3536 σύστασιν
1163 3469 1244 3557 ἔχεις
1276 3472 1304 3533 εί
1323 3469 1440 3534 τέλειον

325 3574 375 3636 τδν
398 3571 605 3656 ἀπαρτισμόν;
627 3573 655 3635 εί
672 3573 727 3657 ἄρ’
746 3573 859 3636 ἑαυτοῦ
882 3572 1063 3657 ἀπήρτισται
1084 3572 1135 3636 καὶ
1158 3573 1259 3655 ἑαυτῷ
1275 3569 1441 3653 ἡρμοοτοιις

325 3668 362 3731 τὰ
383 3669 440 3754 γὰρ
461 3670 615 3752 δυνάμενα
635 3670 776 3752 παθητὴν
800 3668 881 3755 ἔχειν
905 3671 958 3753 τὴν
983 3669 1130 3753 ἁρμονίαν
1155 3669 1296 3753 φοβεῖται
1319 3668 1368 3730 τδν
1391 3667 1439 3730 δυ·
1457 3679 1493 3736 30

325 3768 455 3850 νάμενον
479 3770 653 3850 μεταποιεῖν
673 3765 727 3833 τὰς
749 3766 913 3850 ἁρμονίας,
934 3767 967 3828 τδ
991 3767 1159 3851 δυνάμενον
1173 3764 1282 3828 παθεῖν
1300 3765 1442 3850 φοβεῖται

326 3865 376 3927 τὸν
401 3866 531 3951 δρῶντα.
572 3865 599 3926 εἰ
621 3863 656 3926 δὲ
677 3864 845 3948 φοβοῦνται
869 3864 899 3924 οἱ
923 3864 1067 3945 δαίμονες
1088 3864 1139 3926 καὶ
1160 3862 1302 3926 δύνανται
1318 3862 1440 3936 παθεῖν,

327 3961 383 4025 οὐκ
409 3961 554 4044 ἀγένητοί
580 3961 665 4023 εἰσιν.
709 3961 742 4022 τὸ
767 3960 825 4045 γὰρ
851 3958 997 4042 ἄγένητον
1027 3961 1145 4028 ἀπαθὲς
1174 3960 1224 4022 καὶ
1251 3958 1289 4022 οὐἸ
1316 3959 1442 4022 δύναται

326 4060 448 4139 παθεῖν,
468 4056 528 4128 ἔξω
546 4063 599 4142 τῆς
617 4058 740 4142 φόοεως
759 4062 818 4121 τῶν
835 4063 970 4141 γενητῶν
992 4056 1140 4141 ὑπάρχον.
1173 4056 1218 4119 ότι
1238 4056 1272 4118 δὲ
1292 4055 1441 4119 ἱκετεόου·

328 4180 384 4234 σιν,
406 4158 439 4219 ἐν
460 4156 604 4239 αἰσθήσει
626 4157 683 4219 εἰσὶ
704 4156 754 4218 καὶ
774 4153 892 4219 οἴδασιν
916 4153 933 4216 ό
957 4154 1014 4216 εἰσι
1034 4155 1085 4216 καλ
1106 4151 1222 4218 οίδααιν
1239 4153 1284 4217 ότι
1299 4153 1441 4216 δύνανται
1457 4163 1492 4223 m

327 4255 448 4318 παθεῖν.
491 4253 605 4338 οὐγὰρ
627 4253 779 4338 ἠγνόησαν
805 4251 944 4331 έαυτοός,
969 4250 1025 4314 οὐκ
1045 4250 1176 4319 ἀπαθεῖς
1198 4249 1327 4318 ἑαυτοὺς
1346 4249 1441 4331 ἐλογί-

328 4373 430 4413 σαντο.
472 4353 505 4413 τδ
538 4351 573 4414 δέ
602 4350 717 4413 εἰδέναι
743 4350 807 4414 τινὰ
836 4351 945 4414 ἑαυτὸν
974 4351 1025 4412 καὶ
1054 4350 1094 4432 μὴ
1123 4345 1308 4433 ἠγνοηκέναι
1336 4344 1441 4428 αἰσθή-

329 4449 408 4515 σεόις
440 4448 503 4510 ἐστι
534 4447 689 4532 σύμβολον
721 4448 771 4510 καὶ
806 4449 943 4529 σημεῖον.
996 4447 1023 4510 εἰ
1054 4446 1083 4508 δ’
1116 4444 1161 4507 ότι
1193 4443 1266 4508 εἰσὶν
1296 4440 1443 4510 εὐπαθεῖς

328 4542 502 4608 ἐδειλίασαν
521 4545 572 4608 καὶ
592 4546 763 4612 δειλιῶντες
784 4543 941 4608 ἱκέτευσαν
961 4544 1012 4608 καὶ
1034 4541 1169 4608 ἱκέτευον
1191 4542 1241 4604 τδν
1264 4539 1442 4623 δυνάμενον,
