3517 5434
881 685 921 745 7⁶

348 852 399 916 τδν
429 848 568 914 Σατανᾶν
599 853 642 919 ῶς
669 849 826 934 ἀστραπὴν
853 849 988 914 πεσόντα
1016 848 1050 914 ἐκ
1078 852 1132 914 τού
1163 848 1328 933 οδρανοὺ.“
1377 850 1404 914 εί
1428 851 1466 914 δέ

349 948 448 1016 οὑτως
470 946 617 1032 ἐπεφύκει
638 948 689 1010 καὶ
711 947 811 1016 ούτως
832 947 886 1032 ἦν,
917 947 973 1012 οὐκ
999 947 1034 1012 ἂν
1059 951 1101 1031 πῆ
1126 947 1180 1032 μὲν
1203 950 1331 1024 πτῶσις,
1362 952 1403 1032 πῆ
1429 949 1466 1012 δέ

349 1045 499 1114 ἔκπτωσις
523 1044 674 1108 ἐκαλεῖτο.
718 1046 753 1110 τδ
783 1045 841 1130 γάρ
870 1049 979 1109 πῖπτον
1009 1046 1069 1110 άπδ
1092 1047 1172 1115 τινός
1195 1046 1333 1114 στάσεως
1354 1046 1467 1122 πίπτει,

348 1146 382 1208 τδ
404 1143 439 1206 δέ
463 1142 606 1206 ἐκπῖπτον
628 1143 688 1207 άπδ
713 1145 793 1213 τινὸς
812 1144 991 1228 περιουσίας
1009 1144 1150 1230 ἐκβαίνει.
1191 1144 1218 1206 εἰ
1238 1143 1273 1206 δὲ
1288 1141 1319 1205 ἐν
1335 1147 1466 1206 πεσοῦσι

316 1260 333 1314 5
351 1241 481 1325 λέγεται,
502 1239 540 1325 ἧν
559 1261 639 1329 ,ποτε
662 1241 693 1303 ἐν
718 1242 821 1305 στάσει
842 1243 894 1305 καὶ
917 1240 1090 1326 ἐδραιότητι
1110 1241 1278 1326 τυγχάνων.
1310 1240 1338 1303 εί
1359 1240 1394 1304 δέ
1413 1241 1466 1304 καὶ

351 1339 381 1404 ἐν
408 1342 472 1407 τοῖς
497 1337 706 1403 ἐκπεπτωκόσι
733 1345 955 1424 κατηγορεῖται,
985 1340 1022 1404 ού
1051 1337 1145 1421 πένης
1173 1337 1226 1422 ἡν,
1260 1336 1316 1400 ούκ
1326 1335 1409 1421 Ἶρος
1426 1337 1464 1422 ἦν

348 1459 433 1515 ποτε,
457 1435 508 1499 ότε
527 1438 645 1520 πολλὴν
669 1435 846 1520 περιουσίαν
870 1436 965 1522 εἶχεν,
986 1435 1068 1499 ἀλλὰ
1091 1435 1141 1498 δι’όι
1163 1435 1228 1498 τινὰ
1247 1434 1337 1498 νόσον
1360 1434 1464 1519 στέρη-

350 1557 396 1596 σιν
427 1533 544 1617 ἐκείνης
573 1538 626 1616 τῆς
653 1533 830 1617 περιουσίας
861 1533 1027 1616 ὑπομείνας
1057 1531 1088 1594 ἐν
1116 1532 1291 1597 πεπτωκόσι
1322 1533 1466 1617 κρίνεται.

350 1631 460 1714 ἀμέλει
487 1631 538 1693 καὶ
561 1631 614 1714 τὴν
640 1632 817 1714 περιουσίαν
845 1633 865 1714 ἡ
898 1631 1001 1716 γραφὴ
1032 1632 1189 1714 ὁμολογεῖ.
1238 1630 1266 1692 εί
1294 1630 1351 1716 γὰρ
1381 1635 1466 1708 ,πῶς

301 1746 334 1799 10
353 1728 494 1799 ἐξέπεσεν
517 1728 533 1791 ό
556 1728 736 1814 ἑωσφόροςιι
759 1730 810 1792 καὶ
829 1728 992 1813 περιουσία
1011 1727 1047 1812 ἦν
1067 1729 1100 1792 τδ
1121 1726 1219 1812 ὄνομα
1238 1728 1288 1790 καὶ
1303 1725 1466 1810 ἑωσφόρος

351 1830 393 1892 ῶν
416 1828 509 1912 αύτλγν
531 1828 584 1911 τὴν
607 1831 661 1890 τοὺ
683 1826 848 1912 ἐωσφόρου
873 1825 1027 1911 ἐνέργειαν
1050 1826 1100 1888 καὶ
1124 1825 1250 1908 δύναμιν
1272 1826 1323 1888 καὶ
1344 1845 1464 1909 περιου-

351 1927 417 1989 σίαν
446 1926 497 1989 καὶ
526 1929 627 2008 κτῆσιν
654 1923 720 2010 εἶχε
742 1926 793 1988 καὶ
814 1925 927 2008 ταύτης
948 1923 1084 1987 ἐκπεσὼν
1106 1922 1219 2007 ταύτης
1238 1923 1346 2006 γέγονε
1367 1920 1464 1997 κενός,

349 2024 510 2107 πενητεύει
533 2024 588 2107 μέν
613 2022 643 2086 ἐν
667 2028 706 2106 τῇ
727 2023 888 2106 περιουσία
911 2025 965 2085 τοὺ
988 2019 1169 2106 ἑωσφόρου,
1194 2021 1337 2106 ἀλητεύει
1359 2019 1393 2082 δέ
1414 2019 1466 2082 καλ

350 2122 535 2198 κινδυνεύει,
555 2119 638 2206 Ἷρος
661 2121 703 2182 ῶν
724 2121 774 2182 καὶ
798 2118 962 2195 ἔκπτωτος,
991 2121 1123 2183 ὑπάλαι
1145 2119 1263 2202 πολλὴν
1287 2117 1464 2201 περιουσίαν

301 2235 334 2289 15
353 2217 445 2304 ἔχων.
487 2219 515 2282 εί
536 2219 570 2281 δὲ
592 2217 670 2280 κατὰ
690 2219 723 2280 τδ
746 2217 924 2300 εὐαγγέλιον
945 2223 1004 2280 τῶν
1026 2215 1194 2280 πιπτόντων
1215 2217 1279 2279 ἐστὶ
1298 2215 1349 2280 καὶ
1366 2215 1465 2300 χαμαὶ

349 2315 498 2399 κειμένων
530 2319 582 2380 καὶ
612 2314 860 2399 κυλινδουμένων
891 2317 998 2378 λοιπδν
1033 2314 1064 2376 ἐν
1096 2319 1139 2400 τῷ
1172 2315 1299 2398 ἐδάφει,
1333 2313 1465 2395 εἱστήκει

349 2414 424 2476 ποτέ
445 2415 496 2476 καὶ
514 2415 648 2499 ἠδύνατο
670 2413 768 2495 λέγειν
794 2413 945 2489 ,ἑστῶτες
965 2411 1043 2494 ἦσαν
1066 2413 1096 2475 οἱ
1114 2411 1208 2481 πόδες
1229 2413 1318 2496 ἡμῶν
1345 2411 1376 2474 ἐν
1400 2413 1465 2479 ταῖς

351 2511 462 2580 αὐλαῖς
487 2534 559 2588 σου,
586 2509 831 2594 Ἱερουσαλήμίί,
858 2509 991 2594 ἠδύνατο
1016 2508 1138 2574 ἀκούειν
1165 2515 1275 2594 ,στῆτε
1297 2510 1464 2596 περιζωσά-

351 2632 438 2694 μενοι
459 2597 513 2677 τὰς
534 2609 652 2694 όσφύας
674 2609 759 2693 ὑμῶν
781 2608 812 2670 ἐν
833 2607 998 2691 άληὺείηι“,
1020 2608 1071 2670 καὶ
1089 2609 1258 2692 δυνάμενος
1272 2612 1326 2671 τοὺ
1342 2607 1464 2671 ἀκούειν

298 2721 335 2778 w
353 2707 410 2770 ούκ
431 2706 624 2792 ἠσφαλίσατο
647 2708 680 2770 τδ
704 2705 864 2789 εἰρημένον
889 2705 992 2787 λόγιον
1018 2706 1054 2782 ,ὑ
1074 2705 1173 2768 δοκῶν
1190 2706 1313 2769 ἑστάναι
1326 2705 1464 2791 βλεπέτω

352 2806 392 2890 μή
421 2803 540 2887 πέση“,
573 2804 624 2867 καὶ
652 2804 803 2887 μηδεμίαν
826 2805 903 2887 πρδς
920 2804 952 2866 τδ
978 2807 1115 2866 τοιοῦτον
1138 2803 1346 2887 πεποιημένος
1368 2803 1464 2888 σἰσφά-

351 2904 436 2965 λειαν
461 2901 491 2964 ἐν
515 2905 578 2970 τοῖς
598 2901 748 2970 τοιούτοις
769 2902 903 2985 σήμερον
926 2900 1119 2962 κυλινδεῖται.
1166 2901 1200 2963 τδ
1223 2901 1280 2985 γὰρ
1302 2901 1351 2963 ἀεὶ
1367 2901 1465 2986 χαμαὶ

350 3000 489 3082 κείμενον
514 2997 571 3061 οὑκ
593 2998 629 3062 ἐν
653 2997 733 3083 πέση
759 3001 869 3078 (κεῖται
891 2997 948 3082 γὰρ
970 2997 1095 3083 χαμαι),
1118 2999 1152 3060 τδ
1175 2998 1209 3060 δὲ
1233 2999 1394 3066 πεπτωκὸς
1414 2998 1465 3060 καλ

350 3098 450 3182 χαμαὶ
470 3098 595 3180 γεγονός
617 3097 678 3160 άπὸ
701 3095 872 3180 ἑστηκότων
896 3095 947 3158 καὶ
970 3094 1222 3179 ἐρ[ηρ]εισμένων
1242 3094 1395 3180 παρέλκον
1418 3094 1465 3158 ἐπὶ

300 3207 335 3261 95
352 3196 386 3258 τδ
407 3198 511 3258 πεσεῖν
535 3192 704 3273 ἐλεύσεται,
725 3195 777 3257 καὶ
797 3196 831 3258 τὸ
851 3193 900 3256 ἀεὶ
919 3197 1086 3276 πενητεὺον
1102 3193 1153 3256 καὶ
1171 3191 1322 3256 οὐδέποτε
1339 3193 1466 3278 εἰληφὸς

352 3291 498 3377 ούδεμίαν
526 3292 705 3375 περιουσίαν
733 3290 884 3354 ούδέποτε
913 3291 1098 3354 ἐκπεσεῖται·
1133 3289 1181 3354 ἀεὶ
1206 3289 1262 3373 γὰρ
1287 3288 1377 3354 οὑδέν
1401 3288 1466 3375 ἔχει

350 3392 402 3453 καλ
421 3390 458 3453 ού
482 3388 608 3452 δύναται
629 3389 778 3462 ἐκπεσεῖν,
800 3387 891 3450 ούδέν
909 3386 1059 3449 οὐδέποτε
1077 3386 1218 3472 ἐσχηκός.
1250 3388 1284 3450 τὺ
1301 3388 1336 3451 δέ
1352 3385 1464 3452 ἔκπτω·

352 3509 397 3548 σιν
418 3487 584 3570 ὑπομεῖναν
605 3487 656 3549 καλ
675 3485 829 3552 πεπονθὸς
848 3485 910 3547 σἰπδ
925 3486 1041 3566 πολλῆς
1054 3485 1232 3567 περιουσίας
1244 3485 1296 3548 καὶ
1310 3485 1466 3569 ὑπάρξεως

351 3585 504 3669 τυγχάνει.
545 3585 597 3647 καὶ
628 3586 767 3650 τοιοῦτος
796 3582 851 3665 μὲν
885 3582 901 3645 ὑ
928 3585 1049 3665 πρῶτος
1076 3578 1214 3668 ἔλεγχος.
1260 3581 1331 3646 ἀλλ’
1360 3581 1464 3664 ἐπειδὴ

300 3695 335 3750 ω
351 3683 474 3768 (φασίν)
496 3681 540 3746 ἔτι
559 3679 745 3765 προῖοὑσαη
762 3677 853 3740 κακία
871 3679 923 3741 καὶ
942 3678 1053 3763 ἑαυτὴν
1077 3681 1298 3744 κατατείνουσα
1315 3681 1366 3743 καὶ
1384 3699 1465 3762 γενο-

353 3779 429 3864 μένη
451 3781 528 3864 πρδς
551 3781 594 3862 τῷ
617 3777 696 3860 φωτὶ
716 3776 852 3860 ἥρπασεν
874 3777 936 3841 ἀπὸ
958 3781 1013 3839 τοιῖ
1037 3779 1141 3861 φωτδς
1165 3779 1217 3841 καὶ
1240 3776 1380 3842 κατέπιεν
1405 3777 1468 3863 τίπδΙ

351 3882 406 3940 τοὺ
430 3875 543 3960 φωτός,
568 3872 644 3958 φέρε
666 3873 718 3956 τὴν
739 3873 914 3958 πρεσβείαν,
938 3875 974 3958 ἣν
998 3875 1073 3960 ὑπὲρ
1098 3879 1152 3938 τοῦ
1169 3879 1306 3959 πονηροὺ
1325 3875 1466 3957 πεποίην-

351 3997 401 4037 ται
428 3971 506 4036 κατὰ
534 3975 587 4053 τῆς
615 3969 774 4053 άληὺείας,
804 3973 975 4034 καταλῦσαι
998 3974 1038 4055 μὴ
1061 3972 1337 4056 παραιτησώμεθα.
1383 3971 1465 4034 ἐπαί-

353 4094 441 4156 ρουσι
466 4069 524 4152 γὰρ
551 4073 596 4152 τηῖ
623 4065 706 4151 λόγιμ
734 4067 833 4152 τούτῳ
860 4069 913 4151 τὴν
940 4071 1104 4154 πονηρίαν,
1136 4069 1325 4140 εύτελίῖουσι
1355 4070 1390 4132 δέ
1413 4069 1466 4151 τὴν

301 4183 336 4238 35
354 4167 521 4252 ἀλήθειαν,
547 4165 597 4228 καί
619 4168 714 4248 νεῦρα
737 4165 793 4247 μέν
816 4164 938 4228 διδόασι
960 4164 1000 4250 τγῙ
1020 4167 1168 4252 πονηρίρ,
1201 4165 1330 4251 άνευρον
1356 4165 1391 4229 δέ
1414 4166 1466 4248 τὴν

353 4264 502 4348 ἀλήθειαν
530 4264 731 4326 ὑποτίθενται.
775 4262 803 4324 εί
829 4262 887 4346 γὰρ
914 4264 932 4346 ἡ
962 4265 1017 4347 μὲν
1046 4264 1178 4349 πονηρία
1205 4265 1343 4347 ἥρπασε,
1373 4264 1408 4326 τὺ
1433 4263 1468 4326 δέ

353 4365 421 4445 φῶς
438 4360 591 4444 ἥρπασται
608 4361 659 4424 καὶ
677 4357 891 4444 ἁρπαζόμενον
912 4359 1030 4448 ἔπασχε
1049 4363 1101 4426 καὶ
1119 4354 1240 4445 πάσχον
1260 4359 1399 4442 παθητόν
1418 4359 1467 4444 ἦν,

351 4458 490 4540 παθητὸς
512 4458 567 4542 μέν
590 4456 656 4520 κατ’
678 4454 790 4523 αύτούς
810 4456 826 4518 ό
849 4456 932 4537 θεός,
957 4457 1079 4543 ἀπαθὴς
1101 4459 1136 4522 δέ
1161 4457 1177 4520 ύ
1200 4455 1349 4534 Σατανᾶς,
1373 4459 1389 4521 ό
1413 4457 1467 4540 μέν

354 4555 522 4639 δυνάμενος
549 4555 679 4631 παδεῖν,
710 4554 727 4617 ό
761 4552 796 4616 δέ
825 4554 993 4639 δυνάμενος
1026 4557 1146 4642 δρᾶσαι.
1196 4556 1250 4616 τοῦ
1276 4552 1333 4638 γὰρ
1365 4554 1470 4638 φωτδς
