3517 5434
864 659 907 724 10

330 835 405 900 οῦδὲ
434 831 542 918 βανίδα
566 829 711 912 γνώσεως
735 826 834 910 έαυτή
855 825 1100 914 προσποιήσεται
1123 823 1198 890 οῦδὲ
1219 822 1271 894 vhe
1294 823 1371 907 αὐτὴ
1394 823 1447 886 καὶ

331 932 438 1000 σκότος
459 931 492 993 τὸ
515 928 598 990 ούτω
616 925 755 1010 πεφυκδς
772 919 827 1008 κᾷν
839 923 893 991 εἰς
912 923 1060 1009 βραχεῖαν
1079 921 1264 1008 λαμπηδόνα
1282 943 1445 1005 μεταποιη-

329 1031 468 1114 θήσεται.
512 1024 672 1106 φαίνονται
695 1021 730 1084 δὲ
752 1023 803 1085 καὶ
824 1022 854 1084 οί
875 1021 1020 1103 δαίμονες
1040 1021 1092 1084 καὶ
1115 1024 1239 1108 σωτῆρα
1261 1017 1375 1087 εἰδότες
1394 1017 1446 1080 καὶ

327 1127 430 1210 κύριον
453 1124 689 1206 ὁμολογοῦντες,
713 1118 859 1202 ,οἴδαμέν
885 1143 920 1182 σε
940 1115 983 1184 τίς
1003 1115 1053 1178 εἶ“
1079 1117 1220 1200 λέγοντες
1244 1117 1281 1194 ,ύ
1305 1117 1370 1183 υίδς
1391 1119 1445 1178 τοῦ

294 1224 407 1287 ύθεοῦ
437 1225 491 1284 τοῦ
518 1223 669 1291 tamw-
701 1217 816 1282 εἰδέναι
846 1217 881 1279 δὲ
910 1215 1019 1298 ἄγνοια
1046 1214 1082 1278 ού
1104 1216 1229 1278 δύναται
1250 1215 1301 1278 καὶ
1324 1212 1445 1299 βλέπειν

329 1321 430 1405 τυφλὴ
452 1317 542 1402 φύσις
564 1313 621 1378 οῦκ
641 1314 749 1400 ἰσχύει.
792 1311 874 1376 ίσασι
896 1313 947 1376 καὶ
970 1311 1177 1395 ἀληθεύουσιν
1200 1310 1315 1381 εἰδότες
1337 1310 1388 1374 καὶ
1409 1307 1445 1371 οῦ

332 1419 592 1499 συκοφαντοῦντες
613 1411 747 1494 λέγουσι.
786 1410 910 1493 λέγουσι
929 1409 986 1494 γὰρ
1009 1409 1093 1479 ἄντες
1110 1405 1164 1493 κᾷν
1190 1410 1231 1492 μὴ
1253 1406 1362 1491 γνησία
1384 1408 1445 1468 δια-

330 1512 418 1576 θέσει
445 1513 499 1594 τὴν
528 1509 696 1593 ἀλήθειαν,
728 1507 830 1572 οὐκέτι
858 1507 963 1591 τυφλγῖ
994 1511 1033 1590 τή
1062 1507 1151 1591 φύσει
1181 1506 1252 1570 οὔτε
1279 1511 1318 1590 τῇ
1339 1505 1447 1588 ἀγνοίᾳ

331 1613 580 1692 κατηγοροῦνται.
624 1607 688 1690 ἧ[ς]
715 1606 773 1691 γὰρ
803 1605 839 1669 ἄν
864 1603 997 1668 οὐδὲτὸ
1022 1605 1182 1690 ἐλάχιστον
1215 1605 1343 1688 ἑώρων,
1376 1599 1447 1664 ούτε

282 1725 315 1778 10
333 1706 430 1770 ἱκέται
451 1705 530 1789 ἦσαν
557 1705 629 1769 οὔτε
653 1707 858 1790 παρεχώρουν
881 1707 927 1788 τῷ
949 1701 1106 1787 λεγομένῳ
1130 1701 1200 1778 οὔτε
1223 1701 1372 1787 διέκριναν
1395 1701 1445 1763 τὸν

332 1803 467 1889 φανέντα
489 1801 584 1866 ἄλλον
606 1809 666 1866 τῶν
688 1805 813 1865 πολλῶν
837 1800 987 1863 εἶναικαὶ
1009 1799 1098 1863 οῦδὲν
1123 1799 1278 1885 διαφέρειν
1301 1796 1392 1862 αὐτόν
1414 1820 1447 1860 τε

331 1903 382 1965 καὶ
406 1900 528 1970 αὐτούς.
577 1900 644 1964 ἰδού
671 1899 728 1984 γὰρ
761 1898 799 1962 τά
828 1898 928 1982 ἄλογα
959 1901 1024 1982 ζῷα
1054 1896 1164 1980 μεταξὺ
1199 1901 1304 1982 σοφῶν
1335 1920 1367 1960 τε
1397 1897 1448 1958 καὶ

332 2000 461 2083 ἀσύφων
488 1997 545 2062 οῦκ
574 1996 641 2083 ἔχει
662 1996 778 2062 εἰδέναι
802 2000 887 2060 ποῖοι
909 1995 1001 2080 σοφοὶ
1024 1995 1075 2058 καὶ
1094 1999 1178 2058 ποῖοι
1201 1993 1329 2080 ἄσοφοι·
1362 1993 1447 2056 εἰδὲ

332 2095 468 2178 ἔγνωσαν
490 2097 519 2159 οἱ
538 2097 682 2180 δαίμονες
698 2097 750 2158 καὶ
770 2096 916 2177 διάκρισιν
937 2091 1052 2160 εἰδότες
1071 2090 1275 2156 ἀπολέλυνται
1294 2096 1348 2156 τοῦ
1363 2093 1447 2156 ἀδια-

282 2211 315 2264 15
333 2194 452 2278 κρίτου,
482 2195 631 2277 διακρίσει
658 2196 693 2258 τδ
722 2195 860 2254 τοιοῦτον
892 2188 1114 2273 ἐπεγνωκότες,
1147 2188 1306 2274 ἐλέγχεται
1335 2191 1385 2252 καὶ
1414 2191 1447 2252 ἐν

261 2288 264 2292 ’
332 2289 431 2374 τούτῳ
451 2290 492 2372 μὴ
516 2290 616 2374 φύσις,
636 2290 718 2354 ἀλλὰ
736 2288 914 2372 προαίρεσις
929 2285 1174 2370 πρυτανεύουσα.
1207 2284 1446 2372 κᾷνγάρνοήση

331 2387 509 2470 προαίρεσις
530 2383 585 2470 κάν
611 2388 730 2470 σφαλῇ,
754 2375 839 2467 ὅμως
858 2388 912 2446 τοῦ
935 2383 1012 2446 εἶναι
1035 2384 1140 2466 λογικὴ
1165 2383 1222 2447 οὐκ
1244 2385 1448 2468 ἀπήλλακται,

332 2483 400 2546 ἀλλ’
431 2480 611 2566 ἔχειτοῦτο
636 2483 677 2566 μή
701 2480 937 2566 διεφθαρμένον.
978 2482 1060 2544 ούτω
1083 2482 1134 2544 καὶ
1155 2481 1298 2566 δαίμονες
1317 2481 1448 2564 ἐπέγνω-

333 2603 387 2642 σαν
412 2579 502 2642 αὐτόν
510 2626 521 2657 ,
554 2579 760 2664 ἐλιπάρησαν,
791 2577 964 2654 ἱκέτευσαν,
993 2577 1042 2640 ἵνα
1068 2579 1108 2662 μὴ
1133 2577 1256 2664 ἐπιτάίη
1281 2578 1385 2648 αὐτοῖς
1407 2581 1450 2650 εἰς

280 2696 316 2749 w
334 2677 386 2760 τὴν
417 2675 551 2762 ἄβυσσον
581 2677 737 2741 ἀπελθεῖν.
777 2675 805 2738 εἰ
830 2680 883 2757 τῆς
911 2675 1046 2760 ἀβύσσου
1072 2677 1181 2746 παῖδες
1202 2675 1298 2760 ἦσαν,
1331 2677 1358 2740 εἰ
1382 2700 1448 2760 συγ-

331 2772 451 2856 γένειαν
481 2775 558 2859 πρὸς
585 2775 638 2858 τὴν
666 2770 802 2860 ἄβυσσον
830 2771 933 2857 εἶχον,
961 2773 991 2836 τί
1011 2773 1159 2859 φεύγουσι
1184 2774 1221 2837 τά
1245 2779 1389 2859 συγγενής
1421 2775 1452 2837 τί

332 2872 386 2954 τἠν
406 2864 521 2934 οἰκείαν
540 2875 760 2955 παραιτοῦνται
780 2869 880 2954 βίζανς
906 2872 1021 2952 μᾶλλον
1044 2871 1101 2955 γὰρ
1124 2869 1159 2933 ἄν
1183 2873 1359 2957 ἠσπάσαντο
1378 2874 1448 2938 ἀνά·

332 2970 463 3047 παυλαν
484 2969 602 3030 ἑαυτῶν
628 2967 682 3049 τὴν
711 2967 885 3050 συγγένειαν
911 2967 1092 3052 ἡγούμενοι·
1125 2969 1155 3032 έν
1179 2969 1236 3054 γάρ
1259 2975 1322 3039 τοῖς
1344 2993 1446 3053 συγγε-

303 3063 412 3126 ’νέσιν
440 3065 459 3146 ἡ
487 3064 648 3147 ἀνάκτησις
673 3066 804 3148 γίνεται,
835 3067 865 3129 ἐν
894 3066 928 3128 δὲ
957 3065 1052 3136 ξένοις
1075 3067 1106 3129 αἱ
1128 3069 1289 3136 κακώσεις.
1332 3070 1447 3152 μᾶλλον

280 3178 315 3233 25
332 3160 389 3245 γὰρ
423 3159 488 3224 ἔδει
521 3161 633 3230 αύτούς
669 3164 886 3246 παραιτεῖσθαι
915 3163 966 3226 τδν
991 3162 1128 3246 Ἰησοῦν,
1168 3167 1283 3246 μᾶλλον
1317 3165 1352 3228 δὲ
1385 3163 1450 3228 ἔδει

332 3257 444 3328 αύτούς
470 3260 687 3344 παραιτεῖσθαι
715 3262 749 3323 τὸ
782 3260 920 3324 ἐνταῦθα
948 3261 1081 3346 χωρίον,
1114 3259 1189 3324 ἔνθα
1214 3263 1377 3326 σπουδαῖοι
1398 3264 1450 3326 καὶ

332 3356 493 3435 ἐπιεικεῖς,
512 3357 709 3429 Ιἀσπάζεσθαι
731 3359 765 3420 δὲ
787 3359 840 3442 τήν
862 3359 996 3445 ἄβυσσον
1016 3359 1035 3442 ἢ
1059 3359 1112 3442 τὴν
1134 3359 1164 3422 ἐν
1188 3358 1315 3445 ἀβύσσιρ
1338 3357 1448 3444 ἄφιξιν.

332 3453 572 3537 παραιτούμενοι
603 3456 637 3518 δὲ
666 3456 717 3517 καλ
746 3455 971 3540 φυλαττόμενοι
996 3457 1046 3519 καὶ
1070 3457 1192 3523 ἀπιέναι
1216 3458 1283 3522 ἐκεῖ
1303 3456 1360 3520 ούκ
1383 3459 1449 3522 ἀνε-

332 3549 472 3634 χόμενοι,
493 3549 563 3613 ἀλλ’
585 3551 768 3620 ἱκετεύοντες
787 3557 840 3635 τῆς
860 3553 957 3621 αἰτίας
974 3553 1085 3638 ταύτης
1104 3556 1205 3640 χάριν,
1227 3555 1329 3618 ἱκανὸν
1341 3557 1449 3640 τεκμήε

281 3663 398 3730 κοριον
432 3638 586 3711 δεδώκασι
617 3649 770 3736 μηδεμίαν
802 3647 914 3718 αὐτούς
946 3651 1074 3735 φυσικὴν
1104 3651 1279 3734 ’συγγένειαν
1308 3654 1385 3736 πρὸς
1412 3653 1450 3716 τὰ

332 3745 520 3828 κολαστήρια
549 3742 647 3834 ἔχειν·
681 3744 831 3808 οὐδέποτε
860 3745 917 3830 γὰρ
947 3745 1036 3810 οὐδὲν
1067 3749 1158 3812 έαυτδ
1188 3754 1293 3826 κακοί,
1325 3755 1383 3815 πᾶν
1415 3751 1450 3813 δὲ

332 3840 522 3922 κακούρενον
556 3841 606 3902 ὑπ’
635 3841 733 3906 ἄλλου
763 3849 921 3908 κακοῦται.
973 3846 1088 3928 ἀνάγκη
1116 3845 1173 3930 γᾶρ
1201 3848 1234 3910 τὸ
1263 3851 1377 3912 κακοῦν
1406 3849 1448 3931 μὴ

334 3937 446 4000 ἑαυτοῦ
475 3937 554 4001 εἶναι
579 3941 731 4018 κάκωσιν,
762 3940 831 4004 ἀλλ’
861 3941 968 4025 ἑτέρου
989 3929 1066 4019 του,
1082 3944 1256 4028 πεφυκότος
1276 3947 1405 4031 πάσχειν
1428 3946 1448 4030 ή

333 4034 515 4098 κακοῦσθαι.
563 4037 629 4100 ἰδού
659 4039 692 4101 τδ
716 4043 776 4123 πῦρ
800 4040 893 4104 ἑαυτδ
919 4040 955 4103 οῦ
982 4041 1076 4104 καίει·
1111 4041 1214 4124 ἕτερον
1236 4042 1293 4127 γὰρ
1316 4043 1367 4106 καὶ
1389 4041 1450 4127 ούχ

282 4147 316 4202 35
335 4130 429 4196 ἑαυτὸ
459 4133 623 4199 ἀναλώσει.
667 4137 734 4201 ἰδού
761 4138 794 4200 τδ
818 4136 902 4220 ὕδωρ
926 4137 1017 4201 έαυτδ
1042 4136 1078 4201 οῦ
1102 4138 1299 4212 κατακλύζει·
1332 4139 1369 4204 τὰ
1391 4140 1448 4224 γάρ

274 4239 279 4249 ’
334 4229 424 4315 ἕτερα
442 4232 630 4297 κατακλύσαι
654 4233 748 4312 οἶδεν,
771 4235 864 4297 έαυτδ
888 4234 922 4296 δὲ
943 4235 1131 4300 κατακλύσαι
1152 4237 1209 4302 ούκ
1229 4236 1305 4322 ἔχει.
1344 4237 1448 4301 ἰδοὺύ

334 4326 394 4410 ἀὴρ
424 4327 532 4413 ψύχειν
560 4329 668 4395 ἑαυτὸν
699 4331 756 4394 οὐκ
782 4330 881 4407 οἶδεν,
913 4330 979 4394 ἐπεὶ
1006 4337 1064 4396 πᾶν
1094 4335 1127 4397 τδ
1157 4335 1237 4419 δρῶν
1261 4335 1312 4398 καὶ
1335 4334 1449 4398 κακοῦν

333 4425 436 4510 έτερύν
457 4449 485 4489 τι
504 4431 598 4491 κακοῖ
616 4428 667 4492 καὶ
689 4430 787 4492 λυπεῖ.
819 4429 847 4492 εἰ
868 4429 903 4493 δὲ
924 4431 1003 4514 κακὴ
1024 4432 1043 4514 ἡ
1066 4430 1198 4518 ἄβυσσος
1220 4432 1271 4496 καὶ
1286 4435 1450 4496 κακοῦνται

335 4524 365 4586 σί
385 4524 529 4609 δαίμονες
551 4525 609 4589 ύπδ
628 4529 681 4609 τῆς
702 4526 839 4612 ἀβύσσου
861 4529 913 4592 καὶ
932 4530 1164 4616 βασανιστήριον
1189 4529 1243 4614 μὲν
1263 4529 1282 4614 ἡ
1304 4527 1450 4616 ἄβυσσος,
