3517 5434
391 653 426 708 82
877 658 964 716 Κίείς.
1328 677 1382 729 cap.
1396 653 1445 714 io.

381 807 548 897 ,εὔχεσθαι
568 813 672 874 καλοῦ
694 811 753 874 τοῦ
773 812 834 876 νοῦ
855 822 977 896 τυχεῖν·
1008 817 1052 888 είς
1073 813 1132 896 μὲν
1155 801 1215 877 οῦν
1237 808 1276 877 τό
1299 825 1446 899 κρεῖττον

390 918 480 1008 ψυχὴ
502 923 701 1006 μεταβαίνει,
724 927 768 997 είς
790 921 825 986 aa
846 916 885 985 τό
909 923 1045 988 ἐλαττον
1068 918 1246 989 ἀδύνατον.
1292 929 1446 991 κοινωνία

391 1035 427 1098 δέ
456 1040 524 1098 ἐστι
550 1034 680 1123 ψυχῶν,
709 1035 765 1098 καὶ
791 1034 986 1100 κοινωνοῦσι
1013 1035 1073 1116 μέν
1102 1036 1137 1096 αί
1159 1035 1226 1098 τῶν
1253 1036 1346 1100 θεῶν
1374 1046 1482 1112 ταῖς3

391 1148 456 1211 τῶν
478 1140 684 1232 ἀνθρώπων,
704 1149 742 1208 oi
764 1145 799 1208 δέ
820 1146 885 1208 τῶν
909 1140 1101 1230 ἀνθρώπων
1122 1155 1196 1221 ταῖς
1219 1147 1284 1210 τῶν
1306 1143 1446 1229 ἀλόγων.

392 1258 620 1340 ἐπιμελοῦνται
648 1257 683 1319 δέ
706 1259 739 1318 οί
760 1256 941 1340 κρείττονες
970 1258 1035 1319 τῶν
1057 1251 1258 1333 ἐλαττόνων,
1287 1259 1366 1321 θεοὶ
1388 1261 1448 1340 μὲν

392 1364 597 1452 ἀνθρώπων,
627 1359 806 1451 ἀνθρωττοι
832 1365 867 1429 δέ
896 1368 962 1431 τῶν
984 1361 1114 1448 ἀλόγων
1137 1362 1242 1445 ζώων,
1265 1365 1283 1431 ὁ
1307 1368 1342 1432 δὲ
1366 1363 1481 1444 &edet

392 1476 533 1543 πάντων.
579 1474 712 1542 νιιίντων
739 1470 803 1559 γάρ
833 1466 930 1551 οὗτος
951 1478 1105 1562 κρείττων
1133 1481 1190 1544 καὶ
1211 1473 1322 1542 πάντα
1345 1475 1446 1542 αὐτοῦ

393 1586 563 1651 ἐλάττονα.
610 1583 712 1670 ὁμέν
739 1577 799 1652 οὖν
827 1581 953 1668 κόσμος
980 1583 1150 1653 ὑπόκειται
1178 1591 1225 1672 τῷ
1254 1589 1340 1670 θεῷ,
1369 1586 1445 1651 ὁδί

392 1693 575 1783 ἀνθρωαος
603 1700 649 1779 τῷ
676 1692 802 1781 κόσμῳ,
830 1691 872 1760 τοί
896 1697 930 1761 δὲ
952 1690 1060 1780 ἀλογα
1088 1703 1134 1782 τῷ
1157 1694 1340 1785 ἀνθρώπῳ,
1370 1696 1480 1762 atita
1524 1731 1525 1734 ¹

391 1804 476 1883 θεὸς
497 1805 575 1892 ὑπὲρ
598 1803 709 1874 πάντα
730 1810 786 1872 καὶ
808 1810 884 1894 περὶ
904 1805 1031 1874 πάντα·
1054 1812 1110 1874 καὶ
1133 1811 1193 1876 τοῦ
1214 1813 1274 1895 μὲν
1289 1811 1375 1874 θεοῦ
1390 1833 1445 1872 κα-

394 1916 506 2004 θάπερ
534 1917 662 1994 ἀκτῖνες
690 1922 725 1982 αί
754 1923 924 2004 ἐνέργειαι,
954 1921 1014 1984 τοῦ
1041 1919 1076 1985 δέ
1104 1918 1230 2005 κόσμον
1257 1919 1384 1996 ἀκτῖνες
1411 1924 1445 1984 αί

392 2028 520 2120 φύσεις,
549 2034 609 2096 τοῦ
631 2032 665 2094 δέ
687 2026 873 2117 ἀνθρώπων
896 2027 1024 2107 ἀκτῖνες
1047 2035 1083 2096 αἱ
1105 2037 1216 2116 τέχναι
1237 2035 1292 2096 καὶ
1314 2033 1445 2110 ἐπιστῆ-
1465 2048 1498 2098 12

392 2168 461 2225 μαι.
499 2144 554 2206 καὶ
577 2145 613 2204 αί
634 2143 694 2222 μίν
715 2145 873 2225 ἐνέργειαι
896 2137 952 2204 (iaci
974 2145 1033 2206 τοῦ
1055 2138 1181 2226 κόσμου
1201 2145 1369 2224 ἐνεργοῦσι
1391 2144 1445 2208 καί

392 2257 444 2315 ἐντὶ
467 2248 525 2316 τόν
548 2246 732 2334 ἀνθρωπον
755 2246 811 2314 ὃιά
824 2251 891 2316 τῶν
905 2253 965 2316 τοῦ
979 2249 1105 2336 κόσμον
1127 2255 1273 2343 φυσικῶν
1294 2251 1444 2329 ἀκτίνων,

393 2366 428 2425 αἱ
442 2363 477 2425 δέ
494 2356 607 2446 φύσεις
628 2354 684 2423 aaa
705 2361 770 2425 τῶν
794 2364 970 2446 στοιχείων,
994 2368 1026 2428 οἱ
1048 2366 1083 2430 δέ
1104 2359 1282 2450 ἀνθρωττοι
1303 2357 1358 2426 ὃιά
1379 2365 1445 2428 τῶν
1465 2383 1497 2432 15

324 2473 365 2542 23
389 2473 509 2556 τεχνῶν
543 2472 599 2534 καὶ
634 2472 829 2554 ἐπιστημῶν.
880 2476 937 2539 καί
973 2471 1057 2556 αὕτη
1086 2473 1107 2556 ἡ
1136 2475 1197 2541 τοῦ
1223 2471 1348 2549 παντός
1376 2480 1444 2540 ἐστι

393 2585 560 2660 διοίκησις,
583 2579 749 2667 ἠρτημένη
771 2587 807 2651 ἐκ
822 2585 880 2664 τῆς
895 2586 955 2650 τοῦ
969 2579 1043 2662 ἐνός
1066 2583 1194 2675 φύσεως
1208 2588 1264 2650 καὶ
1286 2581 1443 2666 διήκουσα

392 2695 436 2762 δι’
456 2688 529 2769 ἐνὸς
551 2696 609 2758 τοῦ
631 2694 699 2757 νοῦ.
738 2685 778 2759 οῦ
800 2692 896 2761 οὐδέν
911 2702 979 2764 ἐστι
994 2692 1168 2785 θειότερον
1190 2700 1246 2763 καὶ
1269 2701 1444 2780 ἐνεργέστε-
1464 2714 1498 2765 18
1616 2693 1619 2788 i

461 2897 514 2950 23⁴
537 2898 658 2951 κοινωνία
676 2899 757 2951 δε...
778 2899 850 2954 stab.
868 2901 913 2953 ecl.
932 2901 1003 2972 phys.
1022 2899 1033 2950 Ι
1051 2920 1076 2968 p.
1091 2897 1143 2951 764
1162 2899 1267 2951 Ηεετεο.
1309 2898 1397 2950 4-6.
1416 2903 1445 2950 al

462 2987 487 3037 at
504 3015 531 3024 -
548 2977 632 3051 ζόωι]
655 2983 690 3034 sic
707 2985 774 3037 Patr.
793 2987 872 3048 stota,
891 3007 944 3037 om.
962 2984 1044 3036 ceteri.
1116 2985 1141 3036 7.
1160 2983 1184 3036 8.
1205 2983 1310 3038 πάντων
1325 3011 1355 3021 ·
1370 2981 1444 3035 ἐλάτ-

461 3093 526 3124 τονα
544 3091 594 3122 om.
613 3071 684 3122 Stob.
773 3072 812 3124 10.
833 3071 873 3121 il.
894 3069 1021 3140 καθάπερ
1041 3089 1091 3120 orn.
1111 3069 1179 3120 Patr.
1262 3069 1304 3120 ll.
1323 3063 1442 3136 ἀκτῖνες]

461 3157 495 3210 aic
519 3158 597 3218 Patr„
623 3178 674 3208 orn.
700 3156 778 3208 ceteri.
854 3153 895 3206 18.
916 3145 963 3223 οῦ]
983 3145 1013 3222 ἧς
1031 3153 1066 3216 Β,
1090 3174 1142 3206 orn.
1161 3155 1181 3204 A
1202 3154 1281 3207 Tum.

389 3371 498 3440 oportet
515 3360 628 3434 precari,
647 3367 677 3411 ut
694 3356 790 3409 bonam
808 3356 932 3409 sortiaris
951 3361 1081 3414 mentem
1098 3354 1125 3405 in
1142 3352 1320 3425 praestantius
1336 3351 1444 3425 quidem

389 3450 475 3503 anima
494 3444 605 3506 transit,
622 3443 650 3495 in
669 3439 789 3493 deterius
807 3457 870 3493 vero
888 3457 943 3492 nan
961 3445 1062 3513 potest
1098 3435 1384 3492 communicationem
1402 3449 1445 3494 eat

389 3535 547 3596 animarum,
571 3538 598 3582 et
615 3525 810 3582 communicant
831 3523 934 3578 animae
951 3521 1062 3578 deorum
1081 3539 1141 3576 cum
1157 3516 1292 3588 hamanis,
1316 3522 1445 3581 humanae

388 3639 454 3676 vero
471 3615 607 3672 animabus
627 3613 775 3668 brutarum.
812 3627 902 3664 curam
924 3628 989 3665 vero
1012 3615 1107 3684 gerunt
1130 3610 1339 3683 praestantiores
1361 3613 1444 3667 mina·

388 3723 457 3766 ram,
477 3702 515 3756 dii
532 3699 640 3774 quidem
659 3696 802 3762 hominum,
821 3695 943 3752 homiues
962 3697 1101 3752 brutorum
1121 3691 1281 3762 animalium,
1300 3696 1365 3754 deas
1378 3717 1443 3754 vero

390 3788 514 3842 omnium.
550 3803 609 3837 nam
632 3784 692 3857 ipsc
714 3783 838 3839 omnibus
862 3793 905 3838 est
922 3785 1018 3849 maior,
1041 3782 1129 3836 omnia
1148 3800 1212 3836 vera
1235 3782 1297 3857 ipso
1316 3793 1379 3839 sunt
1396 3784 1444 3837 mi-

389 3893 463 3929 nora.
499 3867 615 3924 mancius
633 3866 740 3943 quitiam
758 3869 881 3926 subiacet
898 3871 950 3946 ipsi
969 3869 1034 3936 deo,
1052 3866 1132 3923 homo
1149 3887 1215 3924 vera
1234 3869 1346 3934 munda,
1365 3869 1442 3922 bruta

389 3969 477 4014 autem
494 3955 604 4020 homini,
622 3954 689 4010 deus
707 3974 772 4010 vero
790 3975 871 4034 supra
891 3957 978 4012 amnia
991 3963 1018 4010 at
1031 3956 1100 4010 circa
1113 3957 1211 4021 omnia,
1229 3962 1256 4007 et
1273 3953 1317 4008 dei
1334 3950 1442 4026 quidem

389 4042 463 4098 velut
480 4040 548 4096 radii
566 4052 629 4098 anat
647 4043 782 4114 energiae,
804 4041 897 4097 mnndi
920 4061 984 4096 vero
1008 4039 1076 4096 radii
1093 4050 1158 4096 sant
1181 4048 1302 4099 naturae,
1326 4036 1442 4093 hominis

388 4149 454 4186 vero
472 4126 539 4184 radii
557 4138 629 4183 artas
647 4138 675 4184 ct
692 4129 828 4183 scientiae.
864 4138 893 4182 et
910 4125 1031 4202 energiae
1043 4125 1151 4202 quidum
1163 4143 1212 4200 per
1224 4120 1350 4177 tuundum
1361 4132 1441 4196 agunt

389 4226 417 4271 et
434 4217 461 4270 in
481 4215 588 4270 homine
598 4234 648 4290 per
660 4213 751 4270 mundi
764 4213 894 4290 physicos
911 4212 1012 4282 radios,
1030 4221 1139 4268 naturae
1151 4227 1216 4264 vero
1233 4227 1284 4284 per
1301 4207 1440 4274 elementa,

387 4301 510 4358 homines
528 4309 616 4356 autem
634 4321 684 4378 per
700 4309 771 4354 artas
791 4310 816 4353 et
833 4302 968 4356 scientias.
1006 4309 1033 4354 et
1050 4296 1102 4350 hoc
1121 4303 1162 4348 est
1180 4294 1297 4350 universi
1315 4297 1440 4370 regimen,

386 4389 509 4467 pendens
525 4408 560 4446 ex
578 4388 658 4444 anius
675 4396 768 4443 natura
787 4396 814 4442 et
831 4397 976 4464 penetrans
993 4403 1043 4462 per
1060 4401 1138 4439 unam
1156 4391 1278 4438 mantem.
1309 4402 1360 4457 qua
1373 4378 1440 4436 nihii
