3517 5434
351 678 379 732 κ
399 673 522 734 ιι-το
897 659 917 722 ⁰

350 828 426 912 όλης
444 826 539 904 ὄντος,
562 826 591 890 εί
611 827 653 911 μή
677 847 705 887 τι
726 823 758 888 ἐν
779 824 866 911 μέσιρ
888 847 922 908 γε
943 823 1054 910 ἀνέχον
1076 826 1127 888 καὶ
1149 825 1314 890 ἀποκλεῖον
1335 829 1376 890 δι’
1390 827 1467 892 όλου

349 929 436 988 ποιοῖ
455 922 565 1007 αὑτήνγ
588 920 624 986 οὑ
648 922 689 1007 μὴ
704 921 950 1007 ,παρεγκειμένου
973 922 1024 986 καὶ
1047 923 1190 984 πλεῖστον
1213 922 1285 986 όσον
1303 925 1469 1010 ἀνέχοντος

349 1024 450 1086 κοινδν
472 1019 582 1090 ἀιδίως
601 1017 686 1084 ἔσται
704 1021 757 1083 καὶ
777 1024 817 1103 τῇ
835 1021 928 1104 κακίᾳ
950 1021 984 1084 τδ
1007 1022 1083 1103 φῶς.
1125 1016 1165 1093 ll.
1185 1017 1274 1091 αὖθις
1293 1023 1325 1086 τὸ
1352 1044 1467 1106 μεσημ·

349 1121 450 1205 βρινδν
482 1117 578 1202 μέρος
604 1121 644 1201 τῇ
670 1118 762 1202 κακίᾳ
790 1116 927 1186 διδόντες
950 1119 993 1185 ὡς
1016 1115 1090 1200 ὄναρ
1112 1121 1164 1200 τῆς
1183 1118 1383 1204 δημιουργίας
1405 1121 1468 1184 δια·

217 1235 220 1240 ·
316 1217 512 1299 δγράφουσι.
552 1219 613 1278 ποῦ
634 1213 693 1299 γὰρ
713 1213 751 1299 ἦν
774 1215 951 1299 μεσημβρία
972 1215 1032 1298 πρὸ
1060 1215 1267 1300 μεσημβρίαςγ
1290 1216 1470 1301 ἀτιμότερος

351 1313 387 1376 δέ
406 1311 499 1384 τόπος
516 1313 611 1383 ἄλλος
633 1311 731 1376 ἄλλου
752 1315 806 1394 τῆς
827 1311 1026 1394 δημιουργίας
1046 1309 1103 1374 οὑκ
1124 1309 1160 1374 ἐν
1182 1311 1311 1394 γένοιτο.
1353 1317 1388 1380 τδ
1409 1315 1467 1400 γὰρ

351 1409 511 1493 εὐώνυμον
535 1412 647 1495 όρῦντι
670 1410 746 1493 πρδς
768 1407 852 1472 δόσιν
875 1409 974 1478 δεξιόν
998 1406 1086 1480 αὖθις
1108 1408 1279 1492 εὑρίσκεται
1300 1415 1376 1496 πρὸς
1396 1412 1467 1478 ἀνα-

349 1507 442 1577 τολάς
456 1505 559 1571 ἰδόντι.
595 1504 676 1570 ἀλλὰ
694 1505 820 1587 πλείστη
834 1505 888 1588 μὲν
904 1506 923 1588 η
936 1507 1028 1570 τοῦδε
1040 1509 1094 1568 τοῦ
1108 1506 1297 1598 βαρβαρικοῦ
1314 1506 1468 1593 δόγματος

350 1605 473 1670 ἀτοπία
526 1603 581 1690 δόο
608 1603 666 1687 γάρ
693 1602 776 1670 όλως
803 1601 897 1686 ἀρχαὶ
922 1608 989 1672 πῶς
1011 1601 1046 1666 ἀν
1070 1601 1130 1666 εἶεν
1150 1628 1169 1687 η
1192 1605 1335 1688 κληθεῖεν
1354 1607 1451 1692 ἀρχαί
1458 1629 1468 1684 3

300 1715 334 1770 1⁰
352 1701 433 1786 ἀρχὴ
463 1700 521 1786 γὰρ
553 1699 632 1766 ἐστιν
656 1701 676 1785 ἥ
697 1721 731 1764 τε
759 1703 819 1762 τῶν
848 1698 931 1762 όλων
956 1699 1150 1786 πρεσβυτέρα
1168 1703 1219 1766 καὶ
1242 1707 1302 1766 τῶν
1326 1704 1467 1768 ἁπάντων

349 1803 517 1883 κρατοῦσα,
535 1800 577 1862 ὧν
599 1797 762 1882 οὐδέτερον
785 1795 943 1880 ὑπάρξειεν
970 1796 1191 1883 ἂνούδετέριμ.
1241 1799 1394 1886 σόγχρονα
1410 1801 1467 1886 γὰρ

221 1950 223 1953 .
349 1897 446 1982 ἄμφω
478 1897 530 1960 καλ
558 1895 747 1979 συναγένητα
770 1894 845 1960 ὄντα
865 1897 916 1960 τόν
937 1900 992 1959 τοῦ
1010 1893 1209 1980 ,προτερεὺειν
1235 1897 1382 1980 ἀλλήλοις
1405 1899 1468 1964 δια·

350 1995 472 2082 φθείρει
488 1993 591 2078 λόγον.
636 1992 718 2056 ἀλλά
740 1993 791 2056 καὶ
809 1996 863 2074 τῆς
888 1993 1016 2078 ἀρχικῆς
1036 1992 1176 2062 ἐξουσίας
1198 1991 1234 2056 οὑ
1261 1994 1353 2079 μόνον
1374 1997 1467 2082 ἀλλή-

350 2095 413 2158 λων
437 2096 496 2173 (ιὺς
517 2091 640 2155 ἐναντία
663 2094 714 2172 γε)
735 2092 832 2152 ταῦτα
851 2089 1044 2173 ἐξῃρημένα,
1080 2089 1232 2154 ἀλλὰκαὶ
1257 2093 1348 2176 φύσει
1372 2095 1468 2180 μαχό-

301 2206 334 2259 ιίς
353 2214 430 2275 μενα
458 2195 525 2259 πῶς
549 2187 585 2252 ἀν
616 2186 698 2272 ἔχειν
722 2186 763 2250 δι’
796 2186 872 2249 όλου
898 2188 932 2250 τὸ
967 2185 1072 2271 ἄρχειν
1102 2188 1281 2272 νομισίίείη;
1314 2191 1341 2252 εἰ
1368 2191 1467 2254 τοίνυν

350 2287 511 2372 μηδετέρῳ
531 2285 647 2348 τοὺτων
670 2286 855 2355 διασώζεται
874 2287 927 2366 τῆς
948 2283 1047 2368 ἀρχῆς
1069 2284 1084 2346 ό
1107 2283 1213 2366 λόγος,
1236 2289 1302 2354 πῶς
1321 2287 1356 2350 ἀν
1374 2289 1467 2373 ἀρχαὶ

349 2384 509 2467 κληδεῖεν;
526 2385 594 2448 πῶς
617 2379 650 2442 δ’
675 2378 710 2442 ἄν
732 2381 762 2442 οί
784 2380 909 2465 φυσικοὶ
923 2381 1064 2463 λογισμοὶ
1083 2381 1299 2465 παραδέξαιντ’
1320 2384 1355 2448 ἀν
1376 2387 1467 2470 ὑπάρ-

349 2504 415 2566 χειν
446 2479 568 2544 ἐναντία
599 2476 655 2540 δόο
686 2476 753 2540 κατ’
781 2475 888 2539 οὐσίαν
898 2499 908 2554 ;
937 2476 1015 2539 ὅπου
1045 2499 1080 2559 γε
1112 2483 1233 2562 πρῶτον
1267 2483 1321 2566 μὲν
1351 2485 1384 2548 τὸ
1416 2489 1469 2568 τῆς

351 2577 458 2646 οὐσίας
484 2572 674 2660 ἀμφοτέροις
700 2572 801 2657 ὄνομα
830 2573 943 2638 κοινόν.
985 2573 1056 2638 καὺ’
1082 2575 1098 2638 δ
1129 2576 1227 2642 τοίνυν
1256 2584 1376 2663 πρῶτον
1401 2581 1468 2645 ἑκά·

298 2689 438 2761 Μτερον
468 2673 577 2752 οόσία,
609 2672 703 2756 δῆλον
732 2674 775 2740 ὑις
802 2672 995 2755 ὁμονοοῦντα
1021 2673 1072 2736 καὶ
1101 2672 1157 2738 οὐκ
1182 2675 1315 2741 ἐναντία.
1363 2675 1469 2744 ἔπειτα

351 2778 418 2860 ζῷα
439 2771 547 2856 ἄμφω,
572 2771 649 2855 πρὸς
670 2771 705 2834 δὲ
728 2769 846 2839 τοὺτοις
869 2769 920 2832 ἐπ’
946 2768 1013 2854 ἴσης
1034 2771 1182 2856 ἀγένητα·
1212 2774 1254 2836 ὧν
1279 2775 1314 2838 δέ
1334 2775 1371 2840 τά
1392 2776 1471 2842 αότά

350 2869 489 2954 όνόματα
503 2871 553 2934 καί
564 2867 618 2953 [η]
635 2867 711 2952 αὑτὴ
735 2868 911 2952 ὑπογραφή,
942 2867 1057 2934 τοὺτων
1080 2875 1146 2939 πῶς
1170 2870 1294 2953 ἡούσία
1308 2873 1470 2958 μαχομένη

350 2968 402 3030 καί
425 2967 562 3045 ἐναντία;
582 2965 716 3049 καίτοιγε
736 2964 775 3028 τά
788 2964 927 3049 ὀνόματα
942 2971 1001 3028 τῶν
1014 2969 1200 3050 πραγμάτων
1215 2969 1277 3032 ἐστὶ
1293 2973 1471 3054 σημαντικᾶ.

350 3068 517 3148 κατηγορεῖ
533 3064 591 3149 γὰρ
614 3065 744 3126 έκάστου
766 3064 800 3126 τδ
821 3063 850 3125 τί
871 3062 950 3126 ἐστιν
973 3064 1101 3127 ἕκαστον
1125 3068 1167 3134 ὡς
1189 3065 1358 3151 ἐνδέχεται.
1395 3091 1470 3150 γνω·

300 3172 336 3226 m
354 3163 477 3246 ρίζομεν
499 3164 598 3226 τοίνυν
619 3165 662 3230 ιὺς
684 3161 811 3245 δόναμις
832 3164 895 3228 τοῖς
916 3160 1098 3244 ὀνόμασιτά
1122 3164 1297 3246 πράγματα.
1339 3161 1385 3235 12,
1410 3164 1471 3250 ἀρα

353 3262 381 3324 εί
404 3262 548 3344 ἑκάτερον
575 3264 635 3324 τῶν
657 3258 742 3343 παρὰ
768 3264 812 3343 τῷ
832 3257 956 3341 μανέντι
975 3258 1184 3341 νομιζομένων
1207 3260 1349 3324 ἐναντίων
1375 3261 1467 3324 οὐσία

353 3360 438 3430 ζῶσά
456 3380 489 3420 τε
506 3360 557 3420 καὶ
571 3357 718 3439 ἀγένητος
739 3355 933 3437 ὀνομάζεται,
957 3353 993 3416 οῦ
1010 3355 1103 3436 δῆλον
1120 3357 1173 3429 ὡς,
1187 3354 1221 3416 ἐκ
1233 3355 1397 3439 βαρβάρων
1414 3357 1468 3438 τὴν

353 3455 450 3538 ἀρχὴν
472 3458 525 3535 τῆς
535 3452 676 3535 τοιαύτης
689 3449 845 3536 λαβοὺσης
854 3449 980 3531 πλάνης,
994 3447 1177 3532 διέφὺαρται
1201 3452 1275 3534 παρ’
1290 3450 1395 3520 αὐτοῖς
1409 3456 1469 3514 τῶν

352 3554 461 3614 κοινῶν
484 3549 608 3614 ἐννοιῶν
630 3549 649 3630 ἡ
673 3545 859 3620 ἀκολουθία;
881 3543 1052 3630 ὁλόκληρος
1072 3544 1129 3628 γὰρ
1154 3547 1236 3631 καὶὴ
1253 3547 1329 3631 αὑτὴ
1343 3548 1391 3612 ἐπ’
1405 3546 1472 3632 ίσης

302 3649 496 3733 ωτυγχάνει
528 3645 677 3729 ἐκατέρου
710 3643 892 3727 ὑπογραφή,
929 3641 965 3704 οό
1000 3640 1092 3726 μόνον
1131 3643 1339 3730 ἐναντιότητος
1368 3651 1469 3715 πᾶσαν

353 3746 486 3829 ὑποψίαν
510 3742 708 3826 ,ἐξορίζουσα,
739 3738 811 3805 ἀλλ’
836 3738 908 3823 οὔτε
936 3740 1087 3827 διαφοράν
1120 3765 1186 3806 τινα
1207 3748 1414 3829 συγχωροῦσα
1438 3744 1469 3808 ἐν

352 3845 416 3909 τοῖς
436 3838 678 3924 ὀνομαζομένοις
698 3839 857 3924 ὑπάρχειν.
921 3836 965 3910 13.
1001 3841 1087 3925 φασί,
1101 3841 1136 3904 δέ
1156 3841 1189 3904 τδ
1212 3842 1266 3924 μὲν
1289 3841 1418 3925 ἀγαδόν,
1435 3843 1469 3906 τὸ

354 3939 389 4002 δέ
410 3936 522 4014 κακόν,
553 3935 607 4006 τὰς
633 3935 798 4020 ποιότητας
819 3937 915 4000 οἱονεὶ
936 3939 995 4022 πρδ
1016 3942 1069 4021 τῆς
1095 3938 1202 4008 οὐσίας
1226 3938 1471 4024 ἐκλαμβάνοντες

354 4037 385 4100 οί
405 4041 450 4121 τῷ
472 4035 595 4119 μανέντι
618 4034 843 4120 συντρέχοντες.
888 4039 941 4118 τῆς
971 4036 1029 4120 γὰρ
1053 4035 1160 4106 οὑσίας
1187 4037 1304 4119 ὁμοίως
1326 4037 1378 4121 ἐφ’
1401 4037 1469 4100 ἐκα-

302 4124 445 4218 θὺτέρου
474 4132 706 4218 ὀνομαζομένης
733 4132 839 4209 (οὑσία
867 4131 925 4216 γάρ
958 4135 1044 4204 ζῶσά
1067 4157 1100 4196 τε
1122 4135 1173 4196 καὶ
1194 4132 1340 4216 ἀγένητος
1359 4132 1470 4220 ἄμφω)

352 4231 476 4315 περιττὴ
507 4231 614 4294 λοιπδν
639 4234 693 4313 τῆς
714 4231 808 4294 οἱονεὶ
837 4216 1000 4313 ποιότητος
1032 4233 1051 4314 ἡ
1081 4228 1254 4313 ἐναντιότης
1276 4231 1319 4310 (εί
1340 4231 1398 4316 γάρ
1419 4234 1470 4296 καί

356 4328 399 4412 μὴ
430 4326 560 4413 ἁρμόζει
582 4326 632 4392 ἐπὶ
654 4327 731 4392 ὑσοῦ
754 4327 903 4412 ποιότητα
925 4327 1105 4412 ὀνομάζειν,
1133 4328 1214 4391 ἀλλά
1238 4351 1273 4410 γε
1302 4333 1341 4413 τη
1368 4329 1471 4413 ἐννοίᾳ

353 4423 464 4508 τρόπον
484 4424 551 4490 τινὰ
568 4425 603 4490 τδ
624 4423 702 4490 εἶναι
720 4430 775 4490 τοῦ
797 4423 918 4490 τοιόνδε
941 4425 1020 4488 εἶναι
1045 4425 1234 4510 προτερεὺει.
1272 4426 1305 4490 τό
1332 4428 1368 4490 δὲ
1392 4426 1470 4492 εἶναι

354 4522 536 4605 σημαίνεται
561 4527 607 4610 τιγῖ
632 4521 722 4588 οδσία
745 4523 831 4596 ζῦσά
853 4523 960 4590 τεκαὶ
983 4521 1159 4608 ἀγένητος),
1191 4525 1270 4607 πλὴν
1295 4525 1385 4609 εἰμὴ
1408 4523 1469 4590 ίδία
