3517 5434
786 700 876 769 Λόγος
894 695 1056 771 ἆπὸκρνφος.
1337 719 1389 772 cap.
1411 701 1452 755 13.

331 1036 372 1106 13
642 1023 786 1118 Ἑρμοῦ
815 1031 887 1096 τοῦ
916 1032 1209 1118 τρισμεγίστου

395 1136 494 1230 πρὸς
523 1137 594 1209 τὸν
621 1137 714 1208 υἱὸν
748 1135 828 1207 Τολτ
863 1147 904 1206 ὲν
934 1135 1021 1228 ὄρει
1055 1137 1175 1226 λόγος
1211 1139 1455 1234 άπόκρυφος

439 1256 530 1339 περὶ
559 1254 879 1338 παλιγγενεσίας
908 1254 976 1318 καὶ
1006 1255 1124 1336 σιγῆς
1153 1256 1410 1339 ἐπαγγελίας.
1472 1259 1488 1308 3

355 1426 368 1491 1
468 1424 559 1493 Τάτ.
607 1426 918 1511 Ἐντοῒςγενικοίς,
941 1417 1106 1513 ὦπάτερ,
1130 1429 1454 1513 αίνιγματωδοῖςκαὶ

396 1526 634 1622 οὐτηλαυγῶς
664 1541 814 1626 ίφρασας
842 1540 916 1624 περὶ
944 1534 1109 1618 θεότητος
1137 1535 1376 1624 διαλεγόμενος,
1399 1542 1454 1606 καί

396 1647 455 1715 οὐκ
470 1644 697 1739 ἀπεκάλυψας,
720 1645 870 1737 φάμενος
884 1649 1011 1733 μηδένα
1026 1643 1197 1718 δύνασθαι
1217 1651 1375 1730 σωθῆναι
1388 1643 1453 1737 πρὸ
1472 1661 1487 1711 6

394 1763 454 1841 τῆς
474 1762 740 1844 παλιγγενεσίας·
763 1762 845 1847 ἐμοῦ
865 1765 900 1825 τί
924 1779 988 1826 σου
1004 1763 1110 1827 ἱκέτου
1124 1765 1301 1845 γενομένου
1321 1763 1373 1826 ἐπὶ
1394 1763 1454 1840 τῆς

393 1873 455 1938 τοῦ
477 1865 575 1958 ὄρους
595 1868 809 1957 μεταβάσεως
831 1867 915 1957 μετὰ
937 1868 975 1936 τὸ
999 1874 1034 1936 σε
1058 1875 1131 1956 ἐμοὶ
1147 1874 1375 1958 διαλεχθῆναι,
1397 1875 1452 1937 καὶ

393 1985 609 2068 ποθουμένου
637 1979 697 2049 τὸν
724 1986 786 2063 τῆς
813 1985 1065 2066 παλιγγενεσίας
1093 1979 1194 2066 λόγον
1221 1987 1366 2068 μαθεῖν,
1387 1979 1487 2049 dns

393 2095 513 2160 τοῦτον
539 2089 635 2182 παρά
663 2090 773 2159 πάντα
802 2089 910 2177 μόνον
938 2089 1062 2175 ἀγνοῶ,
1091 2096 1188 2182 ἔφης,
1224 2090 1306 2159 ὅταν
1333 2097 1451 2178 μέλλῃς

394 2201 521 2289 κόσμου
543 2198 872 2291 ἀπαλλοτριοῦσθαι,
894 2197 1116 2290 παραδιδόναι
1136 2227 1203 2284 μοι.
1250 2198 1300 2267 διδ
1323 2209 1453 2286 ἕτοιμος

395 2309 557 2395 ἐγενόμην
578 2316 635 2377 καὶ
657 2311 912 2396 ἀπηλλοτρίωσα
936 2307 1025 2374 τὸέν
1046 2315 1120 2392 ἐμοὶ
1134 2308 1293 2398 φρόνημα
1309 2308 1377 2375 ἀπὸ
1393 2313 1452 2390 τῆς
1471 2326 1506 2377 12

394 2424 456 2487 τοῦ
475 2419 603 2505 κόσμου
625 2418 771 2500 ἀπάτης·
794 2414 836 2484 οδ
857 2421 892 2483 dt
914 2441 971 2501 μοι
992 2420 1048 2483 καί
1070 2415 1113 2483 τά
1134 2415 1346 2506 ὑστερήματα
1368 2419 1452 2487 ἀνα-

395 2527 580 2618 πλήρωσον,
603 2524 654 2607 οἷς
676 2532 759 2620 ἔφης
780 2553 839 2613 μοι
860 2531 1112 2613 παλιγγενεσίαν
1132 2531 1352 2618 παραδοῦναι,
1373 2556 1453 2620 προ-

467 2782 493 2832 l.
510 2782 559 2833 τοῦ
577 2800 629 2834 orn.
647 2780 678 2833 B.
741 2781 765 2834 li.
785 2783 899 2834 uoloni.
918 2782 949 2831 Α.
1009 2781 1033 2834 8.
1053 2785 1166 2834 salom.
1186 2779 1211 2836 Α
1232 2783 1297 2835 Patr.
1361 2783 1386 2836 9.
1406 2805 1452 2838 πο·

466 2863 617 2937 θυομένου]
634 2867 670 2920 aie
687 2867 763 2932 Patr,
780 2870 938 2937 πυθομίνου
955 2865 1055 2935 reliqui.
1142 2868 1182 2920 lo.
1202 2867 1288 2940 παρὰ]
1308 2871 1367 2940 περί
1387 2872 1415 2922 Α.
1437 2865 1450 2938 Η

466 2951 542 3025 ἔφης]
566 2953 601 3006 aie
618 2953 653 3016 B,
676 2956 722 3008 καί
744 2959 806 3023 ἔφης
827 2953 927 3023 reliqui.
1037 2952 1076 3006 ll.
1102 2953 1162 3021 διὸ]
1180 2953 1215 3007 sio
1233 2953 1263 3019 B,
1281 2975 1333 3008 om.
1352 2955 1451 3024 reliqui.

466 3042 508 3093 12.
526 3036 694 3112 άπεεδρίυσοι
712 3043 744 3106 λ’,
763 3036 937 3108 οἷπηυδρίυσα
956 3039 985 3090 Β.
1006 3033 1021 3106 Η
1058 3038 1095 3106 ir}
1114 3041 1171 3094 isaia
1190 3043 1221 3093 A.
1295 3042 1338 3094 ld.
1357 3043 1452 3108 παλιγ-

392 3159 396 3164 -
466 3130 585 3197 γενεσίας
605 3129 636 3178 Α.

728 3422 893 3490 Hermetis
915 3424 1120 3515 Trismegisti

420 3537 462 3604 ad
483 3537 584 3602 filium
606 3534 672 3600 Tae
693 3534 727 3598 in
748 3543 857 3600 monte
877 3539 1186 3606 sermo-reconditus
1208 3537 1250 3603 de
1270 3559 1438 3624 regenere-

671 3645 758 3712 tione
779 3652 813 3710 οε
835 3646 952 3713 silentii
973 3650 1179 3736 professione.
1440 3653 1443 3660 '

453 3819 522 3875 'l'at
559 3819 590 3874 lu
608 3819 804 3890 communibus,
828 3841 845 3878 o
867 3832 958 3900 pater,
981 3825 1154 3899 aenigmatice
1177 3833 1204 3879 et
1227 3842 1281 3879 non
1304 3821 1455 3879 luculenter

400 3906 555 3964 disseruisti
572 3903 607 3959 de
624 3903 737 3974 deitate,
759 3927 810 3964 neo
827 3906 968 3975 revelasti,
991 3908 1084 3965 dicens
1102 3911 1234 3965 neminem
1252 3911 1354 3965 servari
1371 3925 1453 3984 posse

402 4003 462 4049 ante
480 3993 715 4067 regenerationem,
733 4013 847 4069 eumque
858 3992 975 4069 supplex
992 3995 1043 4051 tibi
1061 4015 1149 4051 essem
1167 3997 1195 4050 in
1212 3995 1312 4050 montis
1329 3991 1453 4058 transitu,

404 4087 550 4155 postquam
566 4098 669 4136 meeum
688 4099 717 4136 es
736 4079 850 4146 loeutus,
869 4087 897 4133 et
910 4098 1035 4156 euperem
1047 4099 1195 4138 sermonem
1208 4079 1241 4134 de
1253 4078 1454 4151 regeneratione

402 4163 517 4231 discere,
535 4167 659 4240 qnoniam
677 4175 784 4241 praeter
801 4183 893 4220 omues
911 4163 982 4222 hune
1000 4164 1087 4222 solum
1105 4167 1208 4240 ignoro,
1227 4161 1329 4230 dixisti,
1348 4162 1454 4239 quando

404 4271 419 4305 ε
436 4249 536 4306 mundo
554 4250 656 4317 alienus
673 4251 766 4318 fueris,
783 4249 850 4305 milri
868 4251 981 4307 tradere.
1018 4267 1100 4324 quare
1111 4249 1268 4325 praeparari
1279 4267 1322 4304 me
1340 4258 1368 4304 et
1383 4269 1455 4305 men·

402 4345 457 4392 tem
474 4355 559 4394 meam
577 4337 688 4394 alienam
705 4335 757 4392 leoi
774 4356 788 4392 s
806 4335 898 4392 mundi
912 4335 1089 4412 *deceptione;
1108 4344 1138 4391 tu
1154 4355 1220 4392 vero
1238 4333 1304 4393 milri
1320 4338 1399 4392 etism
1411 4333 1455 4392 de·

403 4422 490 4480 lectus
511 4423 609 4500 supple
626 4425 672 4489 iis,
696 4421 793 4496 quibus
816 4421 908 4478 dixisti
932 4423 1159 4497 regenerationem
1182 4422 1247 4480 milri
1269 4423 1388 4491 tradere,
1411 4420 1455 4478 vel
