3517 5434
374 663 483 742 Γρηγόρ.
906 655 962 714 ίθθ

373 821 555 904 γεγενῆσθαι
589 821 666 904 ’πρὸς
698 820 901 884 ἀνακαίνωσιν
935 825 988 904 τῆς
1020 817 1267 903 ἀνθρωπότητος.
1324 816 1394 882 οὔτε
1429 817 1488 902 γάρ

374 917 497 988 ἀλλαξις
516 917 587 980 οὔτε
609 917 801 1002 μετακίνησις
819 917 890 984 οὔτε
904 919 1118 1002 περικλεισμδς
1131 917 1162 980 ἐν
1176 915 1352 1001 [π]νεόματι
1364 916 1487 1000 γέγονεν

373 1016 443 1097 περὶ
465 1015 518 1096 τἠν
542 1016 629 1099 ἁγίαν
653 1021 707 1080 τοῦ
727 1016 805 1078 θεοῦ
827 1015 966 1098 δόναμιν,
990 1015 1059 1078 ἀλλ’
1083 1016 1102 1098 ἡ
1126 1013 1202 1097 αὐτὴ
1227 1013 1416 1097 διαμένουσα
1436 1015 1489 1078 καὶ

373 1114 406 1176 εδ
430 1118 484 1196 τῆς
506 1115 693 1198 ααρκώσεως
717 1112 1008 1196 ἔργονέπλήρωσεν
1033 1113 1076 1181 είς
1095 1113 1148 1195 τὴν
1173 1117 1226 1176 τοῦ
1251 1111 1368 1196 κόσμου
1391 1135 1488 1195 σωτη-

339 1213 439 1296 5ρίαν
472 1213 524 1275 καὶ
554 1212 632 1275 κατὰ
658 1214 692 1275 τὸ
723 1211 913 1294 ἀνθρώπινον
947 1199 995 1273 ἐπὶ
1022 1215 1078 1294 γῆς
1106 1211 1366 1292 πολιτευσάμενος
1392 1211 1408 1273 δ
1432 1213 1487 1272 τοῦ

372 1310 449 1372 θεοῦ
472 1309 563 1392 λόγος
584 1311 637 1392 την
660 1308 766 1392 θεϊκὴν
788 1308 838 1372 ἐπὶ
857 1309 955 1372 πάντα
973 1308 1143 1392 παρουσίαν
1163 1308 1278 1390 ὁμοίως
1294 1306 1487 1391 διεφύλαξεν,

372 1410 470 1472 πάντα
497 1410 710 1492 πεπληρωκὼς
739 1408 883 1476 ἰδίως-τε
917 1407 1005 1488 σαρκὶ
1035 1404 1287 1489 συγκεκραμένας.
1343 1407 1394 1468 καὶ
1426 1410 1487 1468 τῶν

372 1505 442 1587 περὶ
463 1506 561 1589 σάρκα
581 1505 690 1568 παθῶν
709 1505 876 1589 γινομένων
898 1504 951 1586 τὴν
972 1503 1124 1566 ἀπάθειαν
1145 1503 1163 1583 ἡ
1186 1502 1313 1585 δόναμις
1333 1503 1414 1588 εἶχεν
1434 1502 1487 1586 πἠν

374 1601 495 1684 ἑαυτῆς.
537 1602 652 1688 ἀσεβὴς
678 1600 731 1666 οῦν
761 1605 776 1666 ό
804 1603 839 1666 τδ
869 1601 970 1669 πάθος
999 1601 1119 1682 ἀνάγων
1149 1600 1192 1667 τίς
1214 1600 1266 1682 τὴν
1289 1600 1427 1684 δύναμιν.
1470 1601 1486 1664 ό
1554 1617 1569 1642 ·

323 1715 357 1768 τυ
373 1698 430 1782 γὰρ
458 1703 511 1782 τῆς
539 1698 629 1784 δόξης
659 1701 762 1786 κόριος
791 1699 823 1762 ἐν
851 1699 1035 1784 ἀνθρωπίνῳ
1063 1699 1196 1782 σχήματι
1220 1695 1340 1781 πέφηνε
1362 1697 1415 1781 τὴν
1438 1697 1486 1760 ἀν-

373 1796 528 1880 θρωπίνην
552 1799 728 1882 οἰκονομίαν
753 1798 979 1881 ἀναδεξάμενος
1000 1795 1049 1859 ἐπὶ
1069 1799 1124 1878 γῆς
1144 1796 1194 1858 καί
1212 1798 1278 1864 ταῖς
1293 1795 1346 1878 μὲν
1361 1793 1487 1878 πράξεσι

372 1896 422 1957 τὸν
449 1894 543 1978 νόμον
571 1897 739 1978 πληρώσας
767 1895 843 1978 ῦπὲρ
873 1895 1063 1979 ἀνθρώπων,
1095 1897 1158 1960 τοῖς
1183 1893 1219 1954 δὲ
1241 1891 1354 1956 πάθεσι
1374 1891 1411 1954 τά
1431 1913 1486 1954 πα·

372 1991 498 2076 θήματα
526 1993 674 2061 διαλόσας
703 1993 753 2055 καὶ
779 1997 824 2076 τιγῦ
850 1991 975 2076 θανάτῳ
996 1993 1046 2054 τὸν
1071 1990 1202 2053 θάνατον
1226 1991 1362 2065 ἀνελών,
1391 1994 1429 2072 τῇ
1451 1989 1486 2051 δὲ

372 2078 614 2174 ἀναστάσειτην
644 2091 726 2172 ζωὴν
751 2090 926 2157 ἀνατειλας·
960 2087 995 2150 οῦ
1019 2088 1070 2152 καὶ
1091 2087 1144 2169 τὴν
1167 2085 1337 2170 παρουσίαν
1362 2083 1486 2156 ἔνδοξον

322 2200 356 2254 15
374 2186 424 2248 ἀπ’
455 2186 590 2271 οὐρανοῦ
618 2187 840 2272 προσδοκῶμεν
873 2186 923 2250 ἐπὶ
952 2211 989 2270 τη
1019 2190 1078 2251 τῶν
1106 2183 1187 2248 όλων
1217 2187 1285 2266 ζωῇ
1309 2185 1360 2248 καὶ
1381 2185 1486 2268 κρίσει,

372 2283 570 2352 ἀναστάσεως
599 2290 714 2369 νεκρῶν
742 2283 893 2368 ἐσομένης
919 2285 962 2352 εἰς
984 2287 1017 2348 τὸ
1038 2287 1128 2346 πᾶσιν
1149 2281 1398 2366 ἀνταποδοθῆναι
1419 2281 1484 2344 κατ’

372 2380 467 2450 ἀξίαν.
523 2384 622 2447 δεινὸν
657 2383 693 2446 δὲ
725 2380 885 2466 μελέτημά
915 2401 993 2448 τινες
1024 2379 1100 2444 κατὰ
1130 2383 1182 2462 τῆς
1215 2378 1302 2461 ἁγίας
1336 2381 1487 2462 μελετῶσι

370 2478 493 2562 τριάδος
515 2481 545 2542 οί
563 2481 632 2564 τρία
652 2478 805 2565 πρόσωπα
826 2477 883 2540 οὐκ
905 2476 983 2540 εἶναι
1004 2477 1272 2563 διισχυριζόμενοι,
1298 2477 1402 2559 ὥσπερ
1418 2476 1486 2538 ἀνυ-

371 2573 521 2640 πόστατον
552 2577 725 2658 εἰσάγοντες
753 2575 935 2660 πρόσωπον·
970 2573 1010 2637 δι’
1037 2575 1075 2658 ἧς
1104 2573 1321 2658 ἀποφεόγομεν
1350 2575 1400 2638 τδν
1428 2572 1486 2636 Σα·

320 2689 356 2742 w
374 2671 495 2757 βίλλιον
525 2673 652 2756 λέγοντα
680 2674 731 2736 τὸν
759 2672 851 2736 αὐτὸν
879 2671 1015 2757 πατέρα,
1047 2673 1096 2736 τὸν
1126 2671 1217 2736 αὐτὸν
1249 2671 1323 2734 υἱόν.
1368 2670 1486 2754 πατέρα

374 2772 428 2852 μὲν
456 2771 514 2856 γάρ
546 2772 628 2855 λέγει
656 2770 735 2835 εἶναι
762 2773 812 2836 τὸν
842 2773 1013 2844 λαλοῦντα,
1048 2771 1113 2834 υίδν
1138 2771 1172 2832 δὲ
1197 2770 1247 2832 τὸν
1273 2768 1364 2852 λόγον
1388 2769 1419 2832 ἐν
1443 2772 1488 2854 τῷ

371 2869 460 2952 πατρὶ
490 2868 621 2953 μένοντα
648 2869 699 2932 καὶ
727 2867 805 2931 κατά
836 2869 942 2952 καιρόν
974 2872 1028 2950 τῆς
1047 2869 1258 2952 δημιουργίας
1290 2865 1486 2952 φαινόμενον,

372 2962 477 3028 ἔπειτα
507 2965 584 3050 μετὰ
611 2964 683 3051 [35]
711 2966 764 3048 τὴν
793 2966 934 3028 ἁπάντων
963 2966 1120 3049 πλήρωσιν
1146 2969 1206 3027 τῶν
1233 2964 1419 3050 πραγμάτων
1444 2961 1487 3031 είς
1532 2954 1535 2961 “

371 3063 444 3126 θεδν
473 3063 690 3148 ἀνατρέχοντα.
737 3065 771 3127 τὸ
802 3061 877 3126 αότδ
901 3063 1007 3125 δὲκαὶ
1029 3063 1173 3146 περὶτοῦ
1195 3063 1368 3146 πνεύματος
1393 3059 1485 3143 λέγει.

319 3175 354 3229 w
370 3161 557 3244 πιοτεόομεν·
580 3161 637 3246 γὰρ
668 3163 758 3244 ἡμεῖς
789 3159 835 3222 ότι
867 3159 935 3242 τρία
964 3159 1117 3242 πρόσωπα
1150 3160 1248 3244 μία[ν]
1286 3158 1398 3244 ἔχοντα
1432 3159 1484 3242 τὴν

370 3258 504 3343 θεότητα
530 3261 711 3344 δηλοῦνται,
742 3258 842 3341 πατὴρ
873 3257 925 3320 καὶ
952 3258 1018 3324 υίδς
1044 3257 1095 3321 καὶ
1121 3245 1206 3340 ἅγιον
1230 3262 1361 3342 πνεῦμα.
1385 3254 1485 3338 ἡγὰρ

371 3353 481 3438 θεότης
517 3357 571 3440 μία
609 3359 745 3440 φυσικῶς
783 3353 814 3415 έν
852 3354 951 3438 τριάδι
990 3354 1224 3440 μαρτυρουμένη
1267 3355 1320 3438 τὴν
1359 3351 1486 3434 ἑνότητα

370 3456 424 3534 τῆς
457 3452 580 3536 φόσεως
613 3453 751 3538 βεβαιοῖ,
788 3453 890 3535 ὅτιπερ
923 3452 973 3514 καὶ
996 3448 1079 3535 Ιίδιον
1113 3454 1167 3536 μὲν
1197 3453 1311 3536 πατρὸς
1342 3448 1420 3514 κατὰ
1451 3449 1484 3512 τδ

373 3549 436 3627 ,εἷς
461 3549 534 3619 θεὸς
560 3551 731 3634 όπατήρ“,
760 3547 904 3634 πατρῷον
928 3549 961 3612 δὲ
984 3557 1028 3635 τῷ
1051 3551 1108 3636 υἱῷ
1129 3549 1205 3613 κατὰ
1227 3551 1261 3614 τό
1292 3548 1385 3628 ,θεὸς
1406 3546 1443 3632 ἦν
1467 3547 1483 3611 ό

319 3662 355 3716 ³⁰
373 3647 500 3731 λόγος“·
530 3650 581 3712 καὶ
610 3653 655 3733 τῷ
682 3645 831 3729 πνεόματι
858 3647 894 3709 δὲ
923 3648 1020 3730 παρὸν
1051 3653 1187 3732 φυσικῶς
1208 3649 1241 3712 τὸ
1265 3650 1388 3728 πνεῦμα
1409 3645 1484 3708 θεοῦ

373 3746 519 3831 ὑπάρχειν
547 3744 618 3809 καθ’
650 3745 666 3808 ὃ
691 3743 775 3825 λέγει
795 3743 919 3813 Παῦλος
944 3746 1036 3822 ,ναὸς
1057 3744 1133 3808 θεοῦ
1156 3745 1223 3808 ἐστε
1242 3745 1292 3808 καὶ
1311 3741 1344 3806 τδ
1365 3747 1485 3826 πνεῦμα
1569 3827 1571 3832 Ι

371 3847 424 3904 τοῦ
450 3842 526 3905 θεοῦ
551 3843 631 3908 οἰκεῖ
651 3844 682 3906 ἐν
705 3844 806 3925 ῦμῖν“.
845 3841 1010 3927 πρόσωπον
1039 3841 1174 3926 μὲνγὰρ
1199 3841 1328 3904 ἑκάστου
1352 3841 1385 3904 τὸ
1409 3841 1486 3904 εἶναι

372 3938 447 4003 αὐτὸ
472 3941 524 4003 καὶ
550 3941 720 4024 ὑφεστάναι
747 3942 853 4025 δηλοῖ,
883 3940 993 4024 θεότης
1014 3941 1048 4003 δὲ
1068 3943 1183 4023 πατρὸς
1205 3937 1293 4016 ἴδιον,
1316 3939 1367 4002 καὶ
1392 3937 1485 4002 ὁπότε

373 4037 427 4121 μία
447 4040 507 4100 τῶν
530 4044 619 4121 τριῶν
639 4038 658 4120 ἡ
678 4037 790 4121 θεότης
811 4038 942 4120 λέγοιτο,
965 4039 1017 4122 τἠν
1037 4037 1151 4121 πατρὸς
1170 4035 1305 4120 ἰδιότητα
1325 4039 1483 4120 παροῦσαν

320 4150 354 4202 3ο
373 4136 431 4220 υίηῦ
451 4159 484 4198 τε
506 4136 556 4198 καὶ
577 4135 727 4218 πνεύματι
748 4140 909 4220 μαρτυρεῖ·
933 4137 1012 4198 ὥστε
1034 4135 1062 4198 εἰ
1083 4135 1137 4218 μὲν
1158 4134 1188 4198 ἐν
1211 4135 1288 4218 τρισὶ
1309 4135 1486 4217 προσώποις

372 4233 426 4314 μία
455 4233 624 4317 ῥηθήσεται
646 4233 665 4315 ί,
690 4231 819 4315 θεότης,
849 4234 939 4316 καὶὴ
963 4232 1046 4314 τριὰς
1069 4233 1300 4318 διαβεβαιοῦται
1320 4231 1371 4294 καὶ
1394 4233 1428 4294 τὸ
1454 4231 1484 4294 ἓν

372 4330 409 4392 οὐ
429 4330 625 4394 διακόπτεται
644 4331 732 4412 καὶὴ
755 4331 832 4414 πρὸς
848 4332 900 4394 τὸν
920 4329 1038 4414 πατέρα
1059 4329 1171 4414 φυσικὴ
1192 4329 1260 4393 υἱοῦ
1278 4351 1311 4391 τε
1330 4329 1381 4392 καὶ
1398 4327 1484 4392 πνεό-

373 4448 467 4510 ματος
493 4425 600 4512 ἑνότης
629 4429 841 4511 ὁμολογεῖται·
877 4427 906 4490 εἰ
933 4427 967 4490 δὲ
995 4427 1046 4490 καὶ
1073 4424 1241 4512 πρόσωπον
1271 4425 1303 4488 ἓν
1332 4425 1415 4508 λέγει
1444 4447 1486 4494 τις

372 4526 476 4609 ὥσπερ
497 4525 549 4588 καὶ
569 4526 622 4608 τἠν
635 4524 771 4610 θεότητα
784 4524 866 4608 μίαν,
886 4523 942 4596 οὐκ
956 4523 1034 4588 ἔστιν
1051 4529 1094 4594 ὥς
1108 4523 1139 4588 ἓν
1154 4521 1191 4587 τὰ
1205 4521 1261 4588 δύο
1277 4521 1308 4586 ἐν
1322 4527 1367 4609 τῷ
1380 4522 1434 4586 ἑνί.
1468 4524 1484 4588 δ
