3517 5434
344 726 369 777 B
387 723 512 780 43-44.
883 706 922 766 52

347 879 389 964 μὴ
407 880 484 963 πρδς
506 874 616 960 ἀρετὴν
639 872 845 957 ἐμποδίζοιτο.
873 870 925 932 καὶ
947 869 1003 932 οδκ
1017 866 1053 932 ἀν
1067 867 1121 951 μέν
1144 889 1187 935 τις
1209 865 1324 952 βρδίως
1343 865 1462 930 κατίδοι

345 977 398 1058 τήν
429 974 508 1039 κατὰ
538 972 630 1057 μέρος
659 970 815 1055 ἀκρίβειαν
846 968 888 1030 ὧν
922 967 939 1030 ό
969 965 1043 1034 θεὸς
1072 964 1244 1048 ἀνθρώπων
1278 961 1461 1047 φειδόμενος

347 1073 514 1155 οἰκονομεῖ.
547 1070 585 1134 τά
606 1063 641 1133 δέ
660 1068 747 1151 ὀλίγα
767 1064 1069 1151 καταλαμβανόμενα
1087 1063 1183 1130 πίστις
1201 1061 1315 1143 γίνεται
1333 1065 1393 1124 τῶν
1417 1061 1458 1144 μὴ

344 1167 679 1255 καταλαμβανομένων.
721 1165 760 1229 τά
790 1165 844 1249 μέν
874 1163 931 1248 γάρ
960 1161 1012 1226 καὶ
1045 1159 1137 1227 αῦτδς
1165 1157 1341 1241 ἀνθρώποις
1363 1180 1459 1242 σαφη-

312 1268 432 1344 5νίζει,
456 1271 499 1336 ὡς
520 1266 555 1330 ἀν
576 1263 678 1350 ἔχοιεν
700 1264 850 1349 ἀναβάσει
870 1258 1044 1346 κεχρῆσθαι
1065 1255 1177 1341 τρόπον
1194 1255 1258 1319 τινά
1276 1257 1353 1339 πρὸς
1368 1255 1471 1320 αύτδνΙ

346 1364 386 1426 δι’
420 1364 462 1426 ὧν
495 1363 740 1427 έπαισθάνονται.
791 1360 828 1424 τά
857 1359 893 1421 δέ
921 1359 1050 1420 πλεῖστα
1077 1354 1200 1438 κρύπτει
1229 1353 1268 1415 δι’
1297 1352 1460 1436 ἀσαφείας,

345 1460 395 1523 ἵνα
415 1462 456 1544 μή
478 1460 603 1544 γένηται
623 1463 677 1541 τῆς
698 1457 769 1523 καθ’
795 1458 908 1520 ἐαυτοῦ
929 1477 964 1536 γε
987 1453 1127 1520 ἀπιστίας
1150 1451 1344 1518 διδάσκαλος.
1385 1449 1459 1512 οόδέ

344 1556 402 1641 γὰρ
431 1562 569 1641 προσῆκε
592 1561 652 1619 τῶν
673 1552 842 1638 γινομένων
867 1553 996 1615 ἑκάστου
1020 1549 1105 1634 παρὰ
1127 1549 1203 1612 θεοῦ
1227 1546 1280 1630 τὴν
1306 1545 1458 1616 ἀπόδειξιν

346 1655 500 1731 ἀπαιτεῖν,
531 1655 645 1718 ἐπείτυι
672 1649 878 1737 χαλεπωτέρα
902 1649 1032 1732 γίγνεται
1063 1653 1117 1731 τῆς
1145 1647 1269 1728 ἀγνοίας
1290 1646 1310 1728 ἡ
1335 1645 1458 1728 τοιαύτη

297 1767 330 1820 10
347 1757 472 1834 γνῶσις,
509 1755 551 1820 ὥς
578 1751 628 1815 διά
655 1754 745 1813 τοῦτο
781 1745 1024 1830 δυσωπουμένου
1054 1752 1109 1809 τοῦ
1139 1749 1193 1807 νοῦ
1227 1742 1272 1807 ύτι
1300 1743 1459 1827 μανθάνοι,

347 1848 451 1918 ἄλλως
475 1851 503 1912 δ’
531 1848 568 1912 ἀν
597 1848 654 1912 οὐκ
679 1847 715 1911 ἀν
740 1845 908 1929 δεξαμένου
933 1847 1010 1928 πρὸς
1031 1844 1148 1908 δικαίαν
1172 1841 1346 1925 οἰκονομίαν
1370 1839 1458 1902 οὐδὲν

347 1947 389 2011 ὧν
413 1948 525 2011 διοικεῖ
538 1946 626 2016 θεός·
651 1945 778 2032 βελτίων
799 1944 872 2026 δέή
896 1944 973 2027 πρδς
991 1942 1064 2006 θεδν
1082 1942 1179 2009 πίστις
1200 1962 1232 2002 τε
1254 1941 1304 2002 καὶ
1326 1936 1461 2004 διάθεσις

345 2046 397 2108 καὶ
425 2045 497 2130 δίχα
529 2048 584 2106 τοῦ
612 2043 749 2127 καθορᾶν
776 2043 828 2104 τδν
859 2046 930 2105 νοῦν
953 2046 1012 2103 τῶν
1034 2038 1251 2125 τραπομένων
1276 2037 1401 2122 θαρρεῖν
1421 2041 1460 2119 πή

345 2146 400 2206 τοῦ
430 2143 616 2208 διοικοῦντος
644 2139 802 2224 ὀρθότητι,
835 2138 950 2201 ἐπεῖται
972 2139 1005 2202 τδ
1031 2137 1069 2200 δι’
1094 2137 1282 2206 ἀποδείξεων
1303 2140 1459 2220 πανταχοῦ

297 2249 330 2304 15
347 2238 611 2324 προσβιβάζεσθαι
637 2238 760 2301 ἀπιστία
789 2236 891 2320 σαφής
921 2238 1037 2319 μᾶλλον
1063 2237 1082 2319 ἢ
1106 2237 1203 2304 πίστις
1227 2232 1262 2296 ἀν
1289 2233 1348 2316 εἴη.
1387 2232 1461 2296 οὐδὲ

347 2337 456 2421 φιλους
471 2335 613 2418 γνησίους
625 2335 737 2396 πολλοὶ
753 2333 1013 2416 περιεργάζονται,
1029 2341 1073 2420 τῷ
1087 2334 1276 2417 ἀνεξετάστιρ
1289 2335 1343 2414 τής
1356 2352 1460 2394 συνου-

348 2433 414 2500 σίας
436 2434 470 2495 τδ
483 2433 605 2515 γνήσιον
629 2432 781 2516 νέμοντες,
803 2432 846 2498 ὡς
868 2430 983 2514 ῥαδίως
1000 2430 1048 2494 ἐπ’
1071 2431 1192 2515 ἀπιστίᾳ
1212 2427 1461 2514 διαβαλλόμενοι,

347 2530 376 2593 εί
396 2527 552 2612 μηδέποτε
573 2529 607 2590 τδ
627 2528 752 2612 θαρρεῖν
775 2527 894 2594 τούτοις
916 2529 992 2610 μετά
1011 2551 1047 2611 γε
1066 2529 1120 2611 τὴν
1138 2533 1246 2613 πεῖραν
1264 2525 1460 2611 παρέχοιντο.

347 2627 429 2690 υύτω
460 2627 498 2709 δή
526 2626 577 2688 καὶ
602 2624 676 2694 θεδς
705 2625 836 2708 μάλιστα
869 2622 1059 2708 βουλόμενος
1085 2627 1167 2709 ἡμᾶς
1192 2624 1364 2689 διακεῖσθαι
1386 2624 1462 2706 πρός

295 2735 330 2790 w
349 2721 470 2800 ἐαυτόν,
502 2723 562 2807 οόχ
591 2723 712 2786 ἅπασαν
742 2726 795 2805 τῆς
816 2722 930 2785 ἐαυτοῦ
952 2725 1099 2806 προνοίας
1123 2724 1283 2809 σαφηνίζει
1303 2722 1356 2805 τὴν
1381 2718 1462 2804 ἐνέρ-

345 2843 429 2904 γειαν
459 2819 578 2900 (ἐθέλει
604 2821 661 2904 γὰρ
691 2821 773 2903 ἡμᾶς
796 2819 947 2882 πιστεύειν
973 2819 1073 2906 αὐτῷ)
1102 2820 1138 2884 οὐ
1164 2821 1223 2905 μὴν
1247 2818 1315 2883 οὐδ’
1339 2817 1461 2882 ἅπασαν

347 2917 544 3003 ἀποκρύπτει,
568 2918 649 2982 ἀλλά
670 2916 708 2981 δι’
732 2917 820 2981 ἐνίων
843 2917 1074 3001 ὑποδειγμάτων
1095 2919 1248 3003 ύπερεῖδει
1266 2915 1378 3001 τρόπον
1397 2914 1463 2977 τινά

346 3016 397 3079 τδν
425 3014 575 3099 ἡμέτερον
603 3019 686 3078 νοῦν.
727 3015 756 3078 οἱ
786 3015 841 3097 μὲν
870 3012 924 3077 σύν
954 3015 1146 3100 εὐγνώμονες
1174 3021 1213 3100 πή
1238 3012 1386 3098 προθέσει
1411 3013 1462 3076 καλ

347 3113 564 3200 εόσεβέστατοι
590 3112 656 3196 ἀμα
681 3134 715 3174 τε
739 3111 928 3174 διαίσθονται
949 3113 1001 3176 καὶ
1021 3112 1074 3196 τὴν
1099 3114 1218 3198 μνήμην
1243 3110 1274 3179 ἐς
1295 3112 1344 3174 ἀεὶ
1366 3133 1461 3194 παρα·

295 3220 330 3276 θδ
349 3210 490 3294 μένοντες
518 3211 714 3293 διατηροῦσι,
744 3213 800 3292 γῆς
826 3208 938 3293 τρόπον
969 3211 1087 3293 ἀγαθῆς
1112 3209 1271 3295 σπέρματα
1295 3207 1463 3291 δεξαμένης

347 3308 511 3376 ἀνθοῦντες
530 3308 607 3391 πρδς
625 3306 662 3369 τά
684 3307 775 3368 καλά.
810 3307 840 3368 οἱ
861 3308 895 3370 δέ
917 3309 1036 3371 πλείονι
1058 3307 1203 3393 βαρύτητι
1223 3311 1277 3390 τῆς
1299 3305 1463 3389 συνηθείας

345 3409 405 3468 τῶν
430 3405 657 3488 ἁμαρτημάτων
678 3403 872 3488 κεχωσμένοι
890 3407 941 3468 τδν
961 3411 1032 3491 νοῦν
1053 3403 1202 3490 ήὲτέρων
1215 3405 1370 3489 προλήψει
1383 3402 1460 3466 κατά

346 3499 423 3564 θεοῦ
445 3501 632 3584 πλασμάτων
656 3499 723 3580 (οῖα
746 3500 856 3583 δήκαὶ
878 3503 894 3564 ό
917 3499 1025 3585 Μάνης
1042 3503 1183 3586 ἐξήνεγκε
1200 3502 1250 3565 καὶ
1268 3502 1341 3587 παρ’
1357 3500 1463 3570 ἄλλοις

348 3598 432 3682 εύροι
455 3621 499 3667 τις
519 3597 571 3679 ἀν)
594 3598 756 3681 κρούονται
780 3599 835 3680 μὲν
856 3599 910 3682 τήν
935 3601 1082 3675 διάνοιαν,
1107 3599 1321 3683 διακρούονται
1344 3599 1378 3662 δέ
1401 3602 1460 3662 τῶν

295 3705 331 3759 30
348 3695 579 3778 ὑποδειγμάτων
608 3696 662 3778 τὴν
692 3694 833 3779 αἴσθησιν
864 3699 915 3760 καλ
947 3699 980 3761 τδ
1010 3697 1134 3782 ὄφελος.
1181 3701 1278 3759 ταῦτα
1309 3698 1362 3781 μὲν
1390 3717 1461 3780 προ-

348 3792 480 3856 σκείσθω
491 3792 623 3876 περὶτῆς
638 3792 708 3854 καθ’
727 3791 801 3855 όλου
817 3796 964 3878 προνοίας
981 3799 1035 3859 τοῦ
1049 3799 1109 3857 τῶν
1124 3794 1206 3858 ύλων
1220 3794 1307 3859 θεοῦ.
1350 3791 1404 3864 44.
1423 3791 1461 3876 ήν

348 3890 382 3954 δέ
403 3889 436 3952 τδ
460 3887 677 3972 ἐξεταζόμενον
700 3891 773 3974 ήμῖν
796 3893 866 3975 περὶ
888 3892 1004 3977 θηρίων
1029 3893 1170 3956 ἀπάντων
1193 3893 1245 3956 καὶ
1264 3893 1459 3956 ἀπεδείκνυτο

346 3989 410 4054 τοῖς
439 3983 517 4049 κατὰ
548 3985 637 4069 φύσιν
672 3989 829 4071 λογισμοῖς
860 3987 931 4052 οὔτε
959 3989 1040 4053 κακὰ
1075 3989 1146 4054 οὔτε
1180 3989 1214 4054 ἐκ
1246 3989 1355 4058 κακίας
1383 3988 1462 4055 τινδς

346 4087 459 4163 ταῦτα,
488 4083 627 4168 χρήσιμα
655 4084 690 4146 δέ
714 4084 781 4147 λίαν
809 4085 985 4169 ἀνθρώποις
1009 4087 1052 4155 εἰς
1074 4086 1165 4156 δέους
1184 4087 1386 4170 κατασκευήν.
1434 4084 1462 4146 εἰ

295 4191 331 4247 δῦ
347 4179 405 4263 γὰρ
428 4180 549 4243 ἅπαντα
571 4179 609 4243 τά
631 4180 709 4244 κατά
729 4181 782 4265 τήν
805 4182 1004 4266 δημιουργίαν
1025 4183 1106 4267 ήδέα
1127 4183 1219 4267 μόνον
1243 4183 1390 4269 ἐτύγχανε
1410 4181 1462 4245 καὶ

347 4276 525 4361 ἱλαρότητος
559 4275 680 4363 ἔμπλεα
711 4279 763 4342 καὶ
796 4279 891 4363 μηδὲν
923 4279 960 4365 ἦν
994 4283 1153 4348 παντελῶς
1184 4281 1218 4343 τδ
1252 4279 1356 4365 ήρέμα
1387 4282 1461 4363 γοῦν

347 4372 520 4460 ἐκφοβοῦν,
550 4377 697 4460 χαλεπῶς
725 4373 761 4438 ἀν
785 4373 895 4446 ἔδοξαν
919 4375 1078 4462 ἄνθρωποι
1098 4375 1364 4461 παιδαγωγεῖσθαι
1386 4376 1463 4460 πρὸς

346 4470 492 4557 ἀφοβίαν.
535 4470 602 4557 ἔχει
631 4475 666 4536 δέ
690 4477 786 4536 ταῦτα
808 4475 859 4537 καὶ
880 4475 1033 4544 ποικιλίας
1054 4473 1169 4559 κόσμον
1192 4474 1243 4538 καὶ
1266 4470 1311 4559 τῷ
1334 4465 1462 4557 φυβεριγῖ

344 4569 610 4654 καταμεμιγμένην
632 4571 686 4654 τὴν
711 4569 906 4656 εὐπρέπειαν.
950 4571 1058 4636 αὐτίκα
1078 4573 1129 4636 καὶ
1150 4572 1227 4656 πρδς
1245 4571 1363 4640 τούτοις
1381 4567 1460 4632 ἔστιν
