3517 5434
378 664 489 741 Γρηγόρ.
839 627 843 633 ⁶
910 655 969 716 108

381 843 461 907 ματι,
482 819 568 907 είπερ
582 825 704 907 πνεῦμα
717 822 793 886 θεοῦ
818 822 898 886 οίιιεῖ
916 821 948 885 ἐν
970 823 1071 906 ῦμῖν“.
1101 821 1153 885 καὶ
1174 821 1264 884 πάλιν
1283 820 1366 904 λέγει
1391 821 1440 899 ,εί
1461 822 1501 886 δέ

379 920 413 982 τδ
440 925 562 1004 πνεῦμα
591 924 646 983 τοῦ
676 920 849 1006 ἐγείραντος
866 919 988 1004 Ἰησοῦν
1013 919 1047 983 ἐκ
1072 923 1186 1002 νεκρῶν
1211 919 1292 982 οἰκεῖ
1312 919 1343 982 ἐν
1369 920 1453 1004 ὑμῖν,
1481 921 1500 984 ό

380 1015 500 1101 ἐγείρας
526 1017 649 1102 χριστὸν
670 1017 706 1082 ἐκ
726 1022 841 1103 νεκρῶν
866 1017 1055 1100 ζωοποιήσει
1077 1018 1129 1080 καὶ
1151 1014 1188 1079 τὰ
1208 1014 1305 1100 θνητὰ
1327 1017 1412 1101 ὑμῶν
1438 1019 1500 1081 σῶ-

380 1137 461 1198 ματα
484 1113 535 1178 διὰ
554 1118 609 1178 τοῦ
633 1115 823 1186 ἐνοικοῦντος
844 1116 940 1180 αὐτοῦ
963 1113 1136 1198 πνεύματος
1149 1112 1181 1176 ἐν
1196 1113 1298 1198 ὑμῖν“.
1330 1115 1381 1176 κοιλ
1402 1115 1499 1178 πάλιν

344 1210 472 1290 ό,όσοι
500 1210 650 1296 πνεῦματι
676 1213 753 1278 θεοῦ
783 1213 924 1298 ἄγονται,
957 1210 1041 1276 οῦτοι
1067 1212 1127 1274 υίολ
1155 1210 1232 1272 θεοῦ
1258 1211 1347 1274 εἰσιν·
1377 1211 1413 1274 οδ
1437 1211 1498 1296 γὰρ

379 1309 507 1396 ἐλάβετε
525 1314 646 1394 πνεῦμα
666 1311 810 1379 δουλείας
830 1313 921 1375 πάλιν
942 1311 985 1378 εἰς
1003 1307 1112 1394 φόβον,
1134 1307 1204 1372 ἀλλ’
1227 1309 1353 1396 ἐλάβετε
1373 1314 1499 1392 πνεῦμα

379 1407 547 1485 υἱοθεσίας,
570 1407 601 1470 ἐν
622 1404 648 1492 ᾧ
669 1408 821 1492 κράζομεν
840 1408 942 1494 Ἀββά
955 1411 971 1472 ό
985 1409 1117 1492 πατήρ“.
1148 1407 1200 1470 καὶ
1218 1407 1308 1470 πάλιν
1325 1407 1497 1490 ,ἀλήθειαν

378 1503 460 1587 λέγω
479 1497 513 1568 ’ἐν
535 1503 663 1591 χριστηῖ,
693 1504 729 1568 οῦ
753 1505 927 1590 ψεύδομαι,
952 1505 1227 1590 συμμαρτυροῦσης
1250 1527 1302 1588 μοι
1324 1507 1377 1586 τῆς
1399 1527 1497 1568 συνει-

378 1603 499 1686 δήσεώς
519 1624 580 1684 μου
594 1602 626 1666 ἐν
638 1602 787 1688 πνεῦματι
809 1602 919 1688 ἁγίιμ“.
947 1603 998 1666 καὶ
1017 1603 1106 1692 πάλιν
1130 1603 1167 1679 ,δ
1190 1602 1225 1665 δέ
1247 1600 1320 1670 θεὸς
1339 1604 1392 1684 τῆς
1413 1599 1496 1664 ἐλπί-

322 1714 363 1768 σο
380 1701 433 1768 δος
458 1701 622 1784 πληρῶσαι
651 1700 730 1785 ὑμᾶς
757 1701 858 1785 πάσης
885 1703 984 1786 χαρᾶς
1005 1699 1056 1764 καὶ
1078 1699 1200 1783 εἰρήνης
1222 1698 1253 1760 ἐν
1277 1704 1321 1784 τῷ
1342 1698 1496 1763 πιστεῦειν

379 1797 423 1866 εἰς
453 1797 487 1860 τδ
517 1797 708 1881 περισσεύειν
736 1799 815 1882 ὑμᾶς
843 1798 875 1860 ἐν
900 1801 939 1880 πή
969 1796 1069 1859 ἐλπίδι
1100 1794 1131 1857 ἐν
1165 1795 1293 1879 δυνάμει
1320 1795 1497 1880 πνεόματος

378 1895 498 1977 άγίου“.
530 1895 582 1957 καὶ
601 1895 692 1959 πάλιν
712 1897 804 1982 φησὶν
823 1900 887 1965 τοῖς
908 1895 1012 1962 αὐτοῖς
1025 1889 1196 1976 Ῥωμαίοις
1214 1895 1342 1978 γράφων
1363 1897 1495 1978 ,τολμςμ

345 2009 352 2016 ·
379 1989 513 2075 ροτέρως
533 1991 569 2054 δέ
592 1989 713 2078 ἔγραψα
736 1993 806 2076 ὑμῖν
829 1993 890 2056 άπδ
916 1991 1029 2076 μέρους
1053 1994 1096 2059 ῶς
1119 1989 1396 2076 ἐπαναμιμνήσκων
1416 1993 1496 2077 ὑμᾶς

378 2087 430 2152 διὰ
454 2089 508 2173 τήν
535 2091 624 2174 χάριν
647 2091 701 2173 τήν
724 2090 869 2153 δοθεῖσάν
896 2112 947 2174 μοι
970 2087 1105 2152 ἀπὸτοῦ
1129 2087 1205 2152 θεοῦ
1231 2089 1274 2158 εἰς
1295 2089 1329 2152 τδ
1354 2089 1435 2153 εἶναι’
1456 2112 1495 2174 με

328 2202 362 2255 τε
379 2187 554 2270 λειτουργὸν
574 2186 678 2272 Ἰησοῦ
700 2191 827 2273 χριστοῦ
850 2187 894 2256 εἰς
915 2185 952 2249 τὰ
974 2183 1060 2269 ἔθνη,
1091 2175 1327 2270 λειτουργοῦντα
1347 2188 1381 2251 τὸ
1406 2187 1494 2270 εδαγ-

377 2283 479 2368 γέλιον
501 2287 556 2346 τοῦ
578 2284 666 2362 θεοῦ,
692 2285 742 2348 ἵνα
759 2284 884 2368 γένηται
904 2284 923 2366 ή
944 2281 1108 2368 προσφορὰ
1126 2287 1186 2346 τῶν
1209 2282 1306 2346 ἐθνῶν
1328 2282 1493 2368 εῦπρόσδε-

377 2403 448 2450 κτος
469 2379 540 2466 [37]
563 2383 733 2467 ἡγιασμένη
755 2381 787 2444 ἐν
808 2380 957 2465 πνεύματι
969 2381 1061 2466 ἁγίιμ·
1083 2378 1148 2465 ἔχω
1164 2378 1217 2443 οὖν
1231 2381 1284 2464 τήν
1297 2382 1448 2467 καύχησιν
1461 2383 1493 2446 ἐν

377 2479 493 2566 χριστῷ
517 2477 623 2562 -Ἰησυῦ
651 2479 688 2542 τὰ
708 2483 785 2565 πρδς
804 2482 855 2544 τδν
877 2475 968 2540 θεόν·
1002 2474 1119 2560 οὐγὰρ
1142 2479 1246 2561 τολμῶ
1271 2502 1300 2541 τι
1321 2481 1426 2544 λαλεῖν
1450 2481 1493 2543 ῶν

378 2577 416 2640 οίι
436 2577 656 2661 κατειργάσατο
679 2578 803 2662 χριστὸς
826 2577 865 2640 δι’
892 2575 970 2659 ἐμοῦ
994 2575 1038 2643 εἰς
1060 2575 1197 2658 ὑπακοὴν
1221 2575 1318 2640 ἐθνῶν
1340 2574 1423 2662 λόγῳ
1435 2577 1494 2645 ,καὶ

326 2688 363 2744 w
380 2673 477 2761 ἐργιμ,
508 2672 540 2737 ἐν
561 2674 690 2759 δυνάμει
711 2674 847 2759 σημείων
868 2673 921 2737 καὶ
943 2673 1095 2758 τεράτων,
1121 2671 1152 2734 ἐν
1174 2673 1302 2756 δυνάμει
1321 2673 1494 2757 πνεύματος

380 2772 502 2855 ἀγίου“.
535 2771 586 2834 καὶ
605 2773 696 2836 πάλιν
716 2775 907 2858 ,παρακαλῶ
929 2771 963 2834 δέ
980 2771 1069 2855 ὑμᾶς,
1089 2769 1231 2855 ἀδελφοί,
1252 2767 1303 2833 διὰ
1317 2773 1372 2834 τοῦ
1386 2771 1492 2856 κυρίου

378 2871 467 2954 ήμῶν
486 2867 591 2953 Ἰησοῦ
613 2873 739 2955 χριστοῦ
759 2869 811 2932 καὶ
835 2867 885 2932 διὰ
901 2873 958 2952 τῆς
978 2869 1097 2951 ἀγάπης
1117 2869 1171 2930 τοῦ
1192 2865 1397 2950 πνεῦματυς“.
1442 2869 1493 2932 καὶ

378 2971 476 3032 ταῦτα
503 2967 558 3050 μέν
584 2965 752 3052 γέγραπται
780 2965 812 3029 ἐν
842 2973 881 3051 τῇ
909 2966 986 3050 πρδς
1003 2961 1184 3048 Ῥωμαίους
1208 2961 1357 3048 ἐπιστολή
1365 3009 1374 3041 ,
1403 2965 1435 3027 ἐν
1458 2966 1492 3029 δέ

378 3070 418 3150 τή
442 3066 520 3149 πρδς
542 3061 726 3150 Κορινθίους
744 3065 836 3128 πάλιν
858 3063 956 3146 λέγει·
992 3062 1058 3141 ,ότι
1080 3063 1096 3125 ό
1119 3057 1210 3143 λόγος
1232 3082 1291 3144 μου
1313 3061 1365 3124 καὶ
1386 3063 1419 3125 τδ
1442 3063 1491 3147 κή-

326 3175 362 3230 w
380 3163 480 3248 ρυγμά
503 3185 563 3247 μου
591 3161 648 3224 οῦκ
672 3159 704 3223 ἐν
725 3161 845 3231 πειθοῖς
868 3159 1062 3247 ἀνθρωπίνης
1085 3157 1197 3243 σοφίας
1218 3157 1338 3241 λόγοις,
1367 3158 1436 3222 ἀλλ’
1460 3159 1490 3222 ἐν

378 3260 535 3331 ἀποδείξει
553 3258 727 3343 πνεύματος
747 3259 799 3322 καὶ
822 3260 993 3342 δυνάμεως,
1012 3256 1064 3322 ίνα
1086 3257 1105 3340 ή
1129 3254 1225 3323 πίστις
1246 3255 1334 3339 ἡμῶν
1359 3256 1400 3340 μὴ
1423 3254 1490 3343 ήέν

379 3358 474 3444 σοφίᾳ
496 3357 669 3442 ἀνθρώπων
691 3355 761 3419 ἀλλ’
788 3355 820 3419 ἐν
844 3357 973 3440 δυνάμει
993 3355 1101 3418 θεοῦ“.
1134 3351 1186 3421 καὶ
1206 3353 1296 3416 πάλιν
1320 3352 1403 3436 λέγει
1427 3353 1492 3432 ,ὅτι

377 3454 484 3524 καθιδς
512 3453 680 3539 γέγραπται
698 3450 743 3516 Ἃ
772 3453 938 3538 όφθαλμδς
967 3452 1024 3517 οὐκ
1052 3449 1131 3514 εἶδεν
1168 3449 1219 3513 καλ
1247 3447 1301 3519 οῦς
1324 3449 1380 3514 οῦκ
1401 3450 1490 3536 ήκου-

376 3546 430 3615 Ισεν
451 3552 503 3616 καὶ
524 3550 575 3614 ἐπὶ
594 3551 721 3636 καρδίαν
742 3550 909 3634 ἀνθρῶπυυ
933 3549 990 3613 οῦκ
1011 3548 1124 3635 ἀνέβη,
1152 3546 1172 3611 ἀ
1194 3549 1209 3612 ό
1232 3546 1306 3618 θεὸς
1327 3548 1489 3634 ἡτοίμασεν

326 3661 362 3718 ω
378 3651 442 3718 τοῖς
463 3648 621 3732 ἀγαπῶσιν
639 3647 742 3726 αὐτόν,
764 3649 837 3732 ἡμῖν
856 3647 892 3710 δέ
907 3649 922 3710 ὁ
937 3646 1008 3716 θεὸς
1021 3641 1216 3730 ἀπεκάλυψεν
1231 3644 1282 3709 διὰ
1294 3648 1349 3708 τοῦ
1361 3647 1489 3730 πνεῦμα-

377 3767 442 3815 τος·
464 3747 498 3810 τό
517 3744 576 3830 γὰρ
595 3749 717 3830 πνεῦμα
738 3747 835 3809 πάντα
850 3741 961 3829 ἐρευνᾷ
974 3744 1025 3809 καὶ
1038 3741 1076 3806 τὰ
1090 3741 1171 3830 βάθη
1186 3746 1240 3806 τοῦ
1256 3743 1354 3806 θεοῦ·
1378 3743 1422 3812 τίς
1434 3743 1488 3828 γὰρ

378 3843 461 3907 οἶδεν
492 3843 666 3928 ἀνθρώπων
697 3841 735 3906 τὰ
763 3846 819 3906 τοῦ
842 3841 1021 3925 ἀνθρώπου,
1052 3841 1080 3904 εί
1100 3839 1142 3923 μὴ
1166 3841 1200 3904 τό
1222 3843 1344 3924 πνεῦμα
1365 3845 1420 3904 τοῦ
1443 3840 1488 3904 ἀν·

377 3940 507 4025 θρῶπου
536 3942 571 4006 τό
600 3940 631 4004 ἐν
658 3939 757 4024 αῦτιγῦς
789 3939 889 4010 οῦτως
914 3940 965 4005 καὶ
990 3938 1027 4003 τὰ
1047 3943 1101 4002 τοῦ
1124 3938 1201 4001 θεοῦ
1225 3938 1327 4006 οὐδεὶς
1350 3934 1488 4020 ἔγνωκεν,

379 4037 407 4100 εἰ
433 4038 475 4123 μὴ
502 4039 536 4103 τδ
557 4043 679 4122 πνεῦμα
698 4042 752 4102 τοῦ
775 4038 885 4100 θεοῦ“.
928 4038 978 4101 καὶ
999 4037 1089 4102 πάλιν
1112 4035 1195 4120 λέγει
1219 4036 1368 4122 ,ψυχικὸς
1388 4035 1423 4098 δέ
1442 4032 1487 4098 άν·

327 4149 363 4205 ω
380 4135 505 4220 θρωπος
518 4135 554 4200 οῦ
570 4135 694 4221 δέχεται
712 4134 750 4198 τὰ
770 4138 825 4198 τοῦ
844 4135 1017 4218 πνεύματος
1035 4138 1090 4198 τοῦ
1109 4134 1218 4198 θεοῦ“.
1266 4134 1340 4218 δρᾷς
1359 4131 1405 4196 ότι
1421 4153 1488 4195 παν·

378 4238 476 4318 ταχοῦ
498 4238 552 4318 τῆς
572 4237 693 4318 γραφῆς
713 4238 834 4318 πνεῦμα
856 4231 1033 4317 κηρύττεται
1052 4233 1103 4296 καὶ
1125 4230 1266 4318 οὐδαμοῦ
1287 4231 1404 4296 κτιστδν
1427 4230 1487 4294 δνο·

380 4330 521 4412 μάζεταις
542 4332 573 4395 τί
591 4329 619 4395 δ’
643 4329 679 4395 ἀν
702 4329 826 4395 εἴπωσιν
846 4332 876 4394 οί
890 4331 1023 4418 ἀσεβεῖς,
1046 4335 1100 4395 τοῦ
1121 4331 1227 4415 κυρίου
1252 4327 1488 4397 ἀποστέλλοντος

378 4426 450 4496 τοῦς
474 4429 614 4514 μαθητὰς
646 4429 819 4516 ,βαπτίζειν
847 4426 878 4490 ἐν
906 4426 1033 4512 δνόματι
1059 4434 1114 4493 τοῦ
1132 4429 1253 4513 ιπατρὸς
1274 4427 1325 4492 καὶ
1346 4429 1401 4490 τοῦ
1425 4425 1487 4490 υίοῦ

378 4524 430 4588 καὶ
451 4529 506 4589 τοῦ
529 4525 617 4609 άγίου
639 4526 851 4612 πνεόματος“ε
878 4525 1103 4612 ἀναντιρρήτως
1122 4525 1281 4612 κοινωνίαν
1298 4524 1350 4590 καὶ
1365 4521 1488 4608 ἑνότητα
