3517 5434
303 633 409 716 ὀυκ
701 700 704 705 ,
835 649 894 710 ιιυ

306 813 459 898 ήθεότης
481 811 619 883 άκτιστος
640 813 774 897 αἰώνιος,
797 815 847 877 ίνα
867 815 1036 883 ἑνωθέντος
1055 816 1110 878 τοῦ
1126 814 1219 898 λόγου
1240 819 1285 900 τῷ
1303 815 1424 898 στόματι

309 912 484 996 ἀδιαίρετος
512 911 599 995 μείνη
629 913 649 994 ή
677 910 797 996 θεότης.
841 913 869 975 εἰ
898 913 932 975 δὲ
959 917 998 996 τή
1020 918 1128 997 γραφή
1157 912 1287 996 σόνηθες
1314 913 1423 976 καὶτὸ

309 1008 382 1071 ὅλον
406 1009 566 1091 θεολογεῖν
589 1009 696 1073 καὶτὸ
718 1009 790 1072 όλον
811 1009 1073 1094 ἀνθρωπολογεῖν,
1096 1010 1247 1093 ἑπόμεθα
1267 1011 1319 1073 καὶ
1335 1011 1425 1094 ἡμεῖς

307 1110 370 1176 τοῖς
398 1106 495 1175 θείοις
527 1107 642 1190 ῥήμασι
669 1107 721 1170 καὶ
749 1108 790 1192 μη
821 1109 993 1191 μερίζωμεν
1024 1105 1062 1170 τό
1092 1105 1240 1192 ἀμέριστα
1271 1109 1348 1191 μήτε
1369 1107 1423 1188 τήν

273 1218 291 1270 ο
310 1202 441 1289 θεότητα
456 1205 643 1288 διαιροῦντες
660 1208 715 1266 τοῦ
734 1207 878 1287 σώματος
897 1209 939 1273 ὡς
957 1205 995 1267 δι’
1014 1203 1177 1290 εὐφημίαν,
1196 1204 1266 1272 όταν
1282 1207 1316 1268 τὸ
1333 1209 1425 1288 σῶμα
1528 1234 1535 1242 ·

308 1301 523 1386 πεπλασμένον
547 1301 581 1364 ἐκ
604 1301 721 1370 κοιλίας
743 1301 923 1386 λέγηται-
939 1304 1014 1386 μήτε
1029 1305 1063 1366 τό
1079 1308 1171 1384 σῶμα
1187 1302 1359 1386 μερίζοντες
1371 1305 1426 1384 τῆς

307 1399 454 1483 θεότητος
468 1403 510 1468 ὥς
524 1399 564 1462 δι’
584 1399 753 1481 ὁμολογίαν
771 1405 823 1482 τῆς
839 1401 1020 1484 παρουσίας,
1038 1399 1108 1464 ὅταν
1126 1401 1145 1483 ή
1161 1399 1272 1484 θεότης
1286 1399 1425 1466 άκτιστος
1463 1481 1464 1486 ¹

308 1497 483 1580 δοξάζηται.
534 1500 600 1564 πῶς
636 1493 689 1556 οῦν
722 1494 759 1558 οῦ
796 1498 931 1581 λυπηρόν
968 1497 1038 1566 τοῦς
1068 1501 1163 1560 ταῦτα
1194 1501 1297 1566 καλῶς
1326 1496 1425 1564 οότως

308 1595 536 1678 ὁμολογοῦντας
561 1594 581 1676 ή
610 1597 798 1677 φρονοῦντας
827 1595 948 1674 (καθὼς
971 1595 1021 1657 καὶ
1049 1593 1241 1679 παρέλαβον)
1274 1594 1423 1666 διστάζειν

259 1703 291 1756 10
309 1693 385 1776 πρὸς
409 1692 565 1775 ἀλλήλους
585 1689 634 1752 διὰ
656 1690 793 1774 ῥήματος
824 1692 895 1755 ὅταν
918 1694 947 1754 οἱ
972 1694 1026 1776 μὲν
1048 1697 1092 1776 τῷ
1114 1697 1168 1755 τοῦ
1193 1695 1335 1776 σώματος
1358 1691 1423 1753 ὀνό-

309 1812 379 1872 ματι
400 1792 535 1873 χρῶνται
561 1787 609 1850 ἐπὶ
632 1793 686 1850 τοῦ
712 1788 818 1871 λόγου,
840 1789 980 1875 καθάπερ
1006 1793 1021 1854 ό
1041 1789 1186 1872 Ἰωάννης
1205 1791 1303 1873 σάρκα
1324 1788 1423 1871 λέγων

306 1885 491 1969 γεγενῆσθαι
512 1887 563 1948 τόν
585 1885 694 1968 λόγον,
723 1887 753 1948 οἱ
782 1887 870 1949 δὲτὸ
895 1892 947 1969 τῆς
969 1888 1115 1970 θεότητος
1139 1885 1238 1969 ὄνομα
1262 1887 1423 1970 λαμβάνω-

308 2008 352 2047 σιν
376 1984 425 2046 ἐπὶ
446 1987 500 2046 τοῦ
526 1983 600 2045 ὅλου
625 1982 751 2059 δούλου,
773 1986 877 2069 ὥσπερ
898 1983 1066 2052 όΠαῦλος·
1090 1983 1170 2066 λέγω
1186 1985 1219 2046 δὲ
1242 1986 1278 2060 ,δ
1294 1982 1425 2068 ἔσχατος

303 2080 407 2165 Ἀδὰμ
423 2082 466 2149 εἰς
481 2085 602 2163 πνεῦμα
619 2084 825 2150 ζωοποιοῦν“.
858 2085 1038 2165 προσκυνεῖν
1054 2084 1203 2164 ὁμολογεῖ
1213 2082 1335 2164 χριστὸς
1346 2080 1424 2144 κατὰ

258 2196 290 2248 15
308 2179 360 2260 τὴν
381 2179 478 2261 σάρκα
492 2178 543 2240 τδν
556 2176 675 2260 πατέρα
688 2177 786 2260 λέγων
812 2181 921 2262 ,ἡμεῖς
931 2183 1161 2263 προσκυνοῦμεν
1178 2178 1194 2241 θ
1209 2176 1357 2262 οἴδαμεν“
1374 2179 1424 2241 καὶ

308 2275 345 2338 οῦ
365 2276 531 2359 χωρίζεται
550 2275 569 2355 ἡ
592 2272 712 2355 θεότης.
750 2279 964 2358 προσκυνεῖται
984 2275 1061 2338 κατὰ
1082 2274 1287 2360 τὴνθεότητα
1311 2275 1361 2338 καὶ
1385 2275 1421 2338 οῦ

307 2374 471 2458 χωρίζεται
499 2371 532 2432 τὸ
562 2374 652 2452 σῶμα
681 2377 719 2453 τή
743 2375 796 2452 τῆς
820 2371 968 2454 θεότητος
995 2374 1210 2454 προσκυνήσει.
1254 2371 1324 2435 οῦτε
1354 2373 1423 2457 ἀφι-

308 2476 427 2551 στιῦμεν
458 2467 492 2528 τὸ
523 2471 614 2547 σῶμα
639 2466 728 2545 (οῦδὲ
757 2467 813 2550 γὰρ
843 2467 995 2548 δυνατόν),
1022 2469 1072 2532 ὅτε
1097 2473 1340 2552 προσκυνοῦμεν,
1367 2475 1423 2534 τοῦ

309 2569 451 2649 σώματος
482 2566 536 2624 τοῦ
571 2562 762 2631 πεπονθότος
795 2565 846 2626 καὶ
876 2565 913 2626 οῦ
947 2564 1021 2650 [70]
1051 2567 1215 2651 χωρίζεται
1245 2567 1264 2648 ή
1296 2566 1422 2650 θεότης·

255 2664 424 2747 υοήνωται
451 2660 519 2743 γάρ.
568 2658 632 2723 ἔδει
661 2661 717 2744 γὰρ
747 2661 908 2744 νικηθῆναι
935 2665 985 2725 τὸν
1013 2663 1144 2726 θάνατον
1175 2652 1316 2726 ῦπδτοῦ
1347 2664 1422 2728 θεοῦ

306 2761 357 2822 καὶ
382 2759 542 2842 νενίκηται.
584 2763 760 2843 παραινεῖτε
789 2760 825 2821 δὲ
852 2763 916 2827 τοῖς
946 2761 1041 2844 μάτην
1069 2762 1137 2845 περὶ
1160 2767 1255 2823 ταῦτα
1279 2763 1422 2846 διαφερο-

308 2856 411 2941 μένοις
435 2857 487 2918 καὶ
515 2856 724 2941 φυλασσέσθω
753 2858 772 2940 ή
795 2857 873 2920 κατὰ
898 2859 931 2920 τὸ
958 2857 1056 2942 δόγμα
1081 2859 1245 2942 ὁμολογία·
1282 2860 1322 2942 μή
1349 2861 1422 2922 διαι-

308 2953 438 3039 ρώμεθα
459 2952 509 3016 διὰ
532 2953 570 3016 τὰ
593 2955 724 3038 ῥήματα.
764 2956 798 3018 τὸ
824 2954 956 3040 μὲνγὰρ
981 2959 1044 3024 τοῖς
1066 2954 1197 3038 δόγμασι
1219 2955 1423 3040 διαφέροντας

306 3056 370 3121 τοῖς
388 3051 503 3136 ῥήμασι
521 3053 759 3136 προσποιεῖσθαι
776 3057 952 3137 συμφωνεῖν
974 3051 1094 3139 ἀσεβές,
1112 3053 1145 3115 τό
1162 3053 1196 3114 δὲ
1211 3057 1275 3121 τοῖς
1290 3050 1422 3135 δόγμασι

255 3166 289 3219 25
309 3155 549 3234 συμφωνοῦντας
581 3153 644 3217 τοῖς
677 3149 792 3234 ῥήμασι
824 3150 1027 3240 διαφέρεσθαι
1061 3151 1187 3232 μάταιον
1221 3151 1271 3212 καὶ
1305 3149 1421 3233 μωρόν.

305 3252 395 3310 τοῦτο
424 3248 459 3310 δὲ
489 3247 752 3333 συμφωνούμενον
782 3246 907 3332 ἔχοντες
933 3248 978 3310 ότι
998 3248 1071 3314 θεδς
1093 3244 1239 3330 ἔνσαρκος
1261 3249 1277 3310 ό
1299 3249 1423 3331 χριστὸς

305 3345 356 3406 καὶ
384 3343 416 3413 ἐξ
448 3346 583 3429 οὐρανοῦ
609 3346 659 3407 καὶ
686 3347 777 3428 γήςό
803 3345 895 3414 αῦτδς
915 3351 954 3429 τή
977 3350 1084 3428 μορφή
1107 3345 1218 3410 δοῦλος
1238 3344 1288 3405 καὶ
1308 3349 1347 3426 τή
1372 3346 1421 3406 δυ-

306 3441 395 3523 νάμει
409 3441 491 3520 θεός,
517 3442 692 3526 μενέτωσαν
714 3443 745 3506 ἐν
768 3445 898 3528 όμονοίογ
916 3445 967 3506 καὶ
987 3442 1027 3524 μὴ
1051 3442 1147 3525 μάτην
1163 3438 1421 3524 διαφερέσθωσαν

307 3538 459 3620 μηδὲείς
485 3541 539 3623 τήν
565 3543 625 3602 τῶν
656 3542 814 3624 αίρετικῶν
841 3539 1032 3624 λογομαχίαν
1063 3536 1304 3613 έκπιπτέτωσαν,
1339 3538 1420 3601 ἀλλὰ

254 3649 290 3703 3ο
306 3638 360 3716 τῆς
382 3635 546 3719 ἐκκλησίας
566 3635 619 3718 τὴν
644 3637 801 3722 ἁπλότητα
824 3640 939 3722 μᾶλλον
964 3638 1202 3721 ζηλωσάτωσαν.
1244 3629 1375 3720 ἔρρωσο.

392 3727 455 3794 Τοῦ
485 3735 636 3819 μακαρίου
660 3735 792 3800 Ἰουλίου
821 3735 1063 3822 ἀρχιεπισκόπου
1085 3730 1214 3817 Ῥώμης
1241 3733 1316 3815 πρδς
1341 3731 1419 3818 Προ-

307 3826 428 3890 σδόκιον
455 3828 610 3916 ἐπιστολή.

309 3998 325 4032 Ι
392 3920 445 4009 Τῷ
471 3926 607 4012 δεσπότῃ
638 3954 697 4013 μου
726 3938 770 4018 τῷ
797 3933 1007 4015 ποθεινοτάτην
1036 3927 1216 4013 Ιίροσδοκίιρ
1235 3923 1363 3990 Ἰοόλιος
1386 3923 1417 3985 ἐν

305 4023 400 4107 κυρίῳ
422 4023 550 4108 χαίρειν.
593 4029 627 4091 τὸ
651 4028 795 4113 φρόνημα
814 4030 903 4113 ἡμῶν
925 4028 1003 4093 κατὰ
1023 4019 1300 4111 τὴνάποστολικὴν
1322 4021 1417 4104 παρά-

255 4132 289 4186 35
308 4121 391 4182 δοσιν
420 4123 534 4206 πατρὸς
562 4125 613 4188 καὶ
645 4126 714 4189 υἱοῦ
742 4128 793 4189 καὶ
822 4127 909 4210 ἁγίου
936 4125 1109 4209 πνεύματος
1137 4125 1190 4209 μία
1213 4118 1322 4202 θεότης
1346 4119 1418 4202 ἀλη-

305 4216 392 4300 M,
424 4219 478 4300 μία
504 4221 709 4306 προσκόνησις
737 4227 787 4288 καὶ
817 4224 980 4307 δοξολογία
1002 4224 1069 4286 υἱοῦ
1091 4225 1167 4306 πρὸς
1188 4216 1305 4302 πατέρα
1326 4215 1357 4277 ἐν
1379 4222 1420 4300 τῇ

305 4318 510 4399 προσκυνήσει
529 4325 583 4382 τοῦ
603 4322 690 4403 ἁγίου
709 4323 891 4406 πνεύματος.
926 4323 942 4385 δ
965 4321 999 4383 δὲ
1019 4319 1152 4404 θεότητα
1175 4317 1280 4400 ἑτέραν
1299 4313 1418 4377 ἔπεισά-

305 4431 367 4490 γυιν
401 4413 543 4498 ἀνάθεμα
576 4420 627 4481 καὶ
657 4421 682 4501 ό,
702 4420 875 4504 προστιθεὶς
911 4418 1017 4503 ἑτέραν
1051 4415 1216 4500 ὁμολογίαν
1251 4411 1334 4496 παρὰ
1366 4409 1420 4478 τὰς

308 4507 413 4590 φωνὰς
437 4516 497 4573 τῶν
522 4511 681 4601 Σεραφεὶμ
708 4523 768 4580 τῶν
799 4516 905 4600 ,ἅγιος
927 4508 1012 4600 άγιος
1033 4515 1118 4598 άγισς
1142 4511 1245 4595 κόριος
1269 4507 1418 4593 Σαβαώθ,
