3517 5434
372 706 394 746 x
774 696 897 749 Praefatio
915 697 1028 764 Vergicii.

370 842 429 913 τὸν
452 849 602 936 κρατῆρα
623 851 683 914 τοῦ
703 853 771 928 νοῦ,
792 848 849 915 διά
864 855 925 918 τοῦ
938 851 1146 942 κηρύγματος
1159 858 1220 921 τοῦ
1232 853 1325 944 παρά
1340 860 1427 925 θεοῦ

370 962 585 1049 πεμφθέντος
606 963 659 1026 ἐπὶ
681 963 741 1041 τῆς
761 963 830 1045 γῆς,
853 959 992 1052 φάσκων
1014 967 1109 1030 ταυτί
1131 962 1229 1046 ,ὅσοι
1249 971 1309 1053 μὲν
1323 973 1423 1050 συνῆ-

369 1092 432 1134 καν
454 1071 513 1135 τοῦ
535 1067 742 1157 κηρύγματος
763 1068 883 1138 τούτου
904 1076 960 1138 καὶ
982 1075 1241 1157 ἐβαπτίσθησαν
1262 1080 1322 1144 τοῦ
1336 1078 1422 1160 νοός,

370 1171 461 1246 οὗτοι
482 1185 639 1266 μετέσχον
660 1183 719 1262 τῆς
740 1183 842 1259 θείας
861 1181 1018 1266 γνώσεως,
1041 1181 1116 1250 ὅσοι
1139 1186 1171 1251 δ’
1189 1184 1341 1276 ἥμαρτον
1362 1196 1422 1260 τοῦ

367 1289 575 1379 κηρύγματος
602 1295 658 1357 καὶ
687 1291 727 1358 οῦ
746 1290 992 1382 προσειλήφασι
1019 1287 1078 1360 τὸν
1107 1293 1240 1380 λογικδν
1260 1303 1355 1381 νοῦν,
1385 1308 1422 1368 αί

367 1398 543 1482 αἰσθήσεις
564 1400 689 1469 τούτων
710 1413 783 1480 ταῖς
804 1405 870 1469 τῶν
893 1401 1025 1490 ἀλόγων
1047 1402 1137 1484 ζώων
1159 1411 1222 1475 είσί
1248 1410 1422 1498 παραπλή-

368 1535 451 1580 σιαι·
473 1512 549 1580 ἀλλ’
568 1512 607 1580 οὐ
629 1510 769 1581 δύναταί
790 1539 848 1593 τις,
870 1518 965 1603 φησί,
986 1517 1221 1601 βαπτισθῆναι
1244 1525 1288 1596 είς
1309 1520 1420 1602 αὐτόν’,

365 1619 425 1689 ὲάν
446 1619 493 1708 μὴ
515 1628 645 1712 πρῶτον
667 1621 705 1691 τδ
728 1628 825 1710 σῶμα
847 1625 952 1692 αὑτοῦ
972 1623 1103 1718 μισήση,
1125 1631 1273 1695 τουτέστι
1294 1627 1332 1696 τδ
1354 1631 1421 1698 ἀλα

365 1730 425 1801 κδν
445 1739 502 1802 καί
523 1738 640 1820 γεῶδες
669 1735 827 1828 φρόνημα
849 1740 908 1816 τῆς
938 1734 1074 1824 σαρκός,
1102 1740 1159 1803 καὶ
1187 1735 1271 1827 πρὸς
1297 1746 1420 1810 ἐκεῖνον

364 1844 423 1910 τὸν
444 1849 567 1914 ἔνθεον
588 1850 668 1914 νοῦν
689 1844 774 1925 ὅλως
796 1852 959 1932 γένηται.“
1003 1844 1122 1936 ἀρίστη
1145 1851 1202 1915 καὶ
1229 1847 1419 1936 εῦαγγελικῆ

367 1958 564 2023 διδασκαλία
593 1955 677 2039 αῦτη
707 1961 804 2026 δοκεῖ.
850 1954 934 2024 ὥστε
960 1961 1017 2024 καὶ
1046 1961 1149 2048 φαίης
1172 1953 1215 2024 ἀν
1237 1958 1340 2029 αὐτὸν
1362 1963 1424 2031 ού-’

362 2075 443 2133 τωσί
464 2072 603 2152 λέγοντα
625 2070 702 2145 ’ίσως
723 2067 917 2152 θεσπιῳδόν
938 2093 1013 2135 τινα
1035 2072 1091 2134 καὶ
1105 2065 1235 2153 μύστην
1248 2072 1419 2160 τυγχάνειν

364 2174 447 2243 ὄντα
468 2180 572 2244 θεοῦ·
601 2183 637 2243 ἐν
658 2181 795 2253 πολλοῖς
817 2174 881 2263 γάρ
904 2181 960 2241 καὶ
982 2173 1096 2251 ἀλλοις
1124 2182 1190 2243 τῶν
1211 2177 1295 2266 πρὸς
1317 2183 1420 2249 αὐτοῦ

363 2289 539 2373 ῥηθέντων
561 2286 602 2352 οῦ
623 2288 758 2352 διοίσειν
786 2289 852 2351 τῶν
873 2285 956 2372 παρ’
973 2284 1054 2371 ἡμῖν
1082 2287 1340 2376 ίερολογούντων
1362 2289 1419 2358 δό-

364 2397 446 2478 ξειεν
469 2392 525 2463 ἀν·
549 2393 622 2464 οἶόν
645 2403 746 2476 ἐστιν,
774 2392 828 2462 ὅτε
850 2398 926 2484 περί
948 2421 982 2462 τε
1004 2400 1108 2463 καλοῦ
1129 2397 1289 2484 κάγαθοῦ
1310 2402 1418 2467 διαλε-

362 2506 503 2595 γόμενος
525 2511 624 2594 λέγει,
648 2504 701 2574 ὅτι
721 2503 813 2597 παρά
834 2511 881 2592 τῶ
904 2509 978 2591 θεῷ
999 2503 1105 2592 μόνον
1128 2514 1198 2576 ελσί.
1244 2514 1300 2576 καὶ
1322 2508 1374 2577 ὅτι
1395 2511 1417 2592 ἡ

363 2618 512 2704 ἀγνωσία
542 2618 645 2685 αὑτοῦ
673 2624 828 2705 με’γιστον
850 2625 886 2684 ὲν
908 2614 1102 2705 ἀνθρώποις
1125 2616 1227 2686 κακόν
1249 2626 1332 2701 ἐστι,
1361 2625 1418 2688 καὶ

362 2735 437 2819 περὶ
458 2724 575 2821 ψυχῶν
595 2728 797 2821 ἀφθαρσίας
817 2751 852 2793 τε
874 2731 930 2794 καὶ
945 2726 1117 2811 κολάσεως,
1140 2733 1186 2796 ίτι
1207 2733 1242 2798 δὲ
1263 2735 1337 2820 περὶ
1359 2737 1419 2799 τοῦ

363 2849 399 2910 ὲν
421 2839 615 2932 ἀνθρώποις
636 2842 751 2907 κοινοῦ
769 2842 839 2918 νοῦ,
861 2837 959 2918 ποῖός
980 2865 1029 2918 τις
1044 2843 1113 2908 ἔστι
1134 2844 1191 2907 καὶ
1213 2845 1246 2907 τί
1260 2839 1417 2929 δύναται·

363 2953 450 3022 ἀλλά
472 2950 514 3036 δὴ
536 2957 592 3020 καὶ
620 2955 695 3041 περὶ
723 2955 783 3032 τῆς
811 2955 1062 3037 παλιγγενεσίας
1082 2976 1117 3018 τε
1139 2955 1196 3019 καὶ
1223 2956 1418 3040 ἐπαγγελίας

363 3068 429 3133 τῶν
450 3065 603 3153 ἀγαθῶν,
625 3067 713 3132 ἔνθα
735 3065 820 3155 φησὶ
842 3061 902 3130 τδν
923 3065 983 3144 τῆς
996 3067 1246 3150 παλιγγενεσίας
1260 3065 1417 3154 δημιουρ-

362 3173 424 3263 γδν
444 3161 530 3244 εἶναι
551 3180 639 3243 θεοῦ
659 3177 766 3242 παῖδα
787 3178 844 3240 καί
865 3170 1051 3261 ἄνθρωπον
1073 3181 1146 3241 ἕνα·
1169 3177 1226 3240 καὶ
1247 3178 1322 3262 περὶ
1335 3179 1417 3241 πολ-

362 3290 430 3355 λῶν
452 3284 562 3352 ἀλλων
583 3289 771 3368 θεοσεβῶν,
794 3281 816 3346 ἀ
840 3281 896 3346 διά
918 3277 957 3345 τδ
979 3292 1133 3367 παρεῖναι
1160 3290 1196 3347 ὲν
1217 3285 1322 3359 τοῖςδε
1351 3286 1417 3350 τῶν

364 3397 570 3488 κεφαλαίων,
604 3390 664 3460 τδν
698 3388 849 3480 ἀριθμὸν
878 3385 984 3456 ὅντων
1018 3393 1248 3458 πεντεκαίδεκα
1275 3389 1417 3474 πάντων,

364 3505 489 3598 ἀφίημι
510 3502 650 3596 παριών·
673 3499 760 3584 πλὴν
782 3497 894 3569 ὅτιτὸ
917 3505 1071 3585 μέγιστον
1099 3505 1156 3567 καί
1184 3501 1417 3589 θαυμασιώτε-

364 3641 426 3706 ρον
445 3614 580 3684 πάντων
600 3619 667 3683 τῶν
687 3614 746 3682 ὑπ’
764 3614 888 3678 ἐκείνου
902 3613 1077 3698 ῥηθέντων
1092 3611 1133 3678 οὐ
1146 3610 1311 3702 πάρεργον
1326 3615 1415 3696 ἔδοξέ

364 3752 423 3813 μοι
444 3733 553 3794 εἰπεῖν.
597 3731 779 3814 γέγραπται
800 3726 859 3809 μὲν
880 3726 927 3808 τῷ
949 3722 1097 3809 Σουίδρι,
1119 3727 1304 3807 κεκλῆσθαι
1324 3749 1415 3812 τρισ-

365 3841 519 3921 μέγιστον
546 3831 606 3902 τάν
631 3834 750 3924 Ἑρμῆν
778 3830 832 3902 διά
853 3831 893 3902 τὸ
915 3836 990 3922 περὶ
1011 3837 1070 3917 τῆς
1097 3833 1231 3925 τριάδος
1259 3835 1415 3926 φθεγξά-

365 3969 467 4032 μενον
480 3947 586 4012 ταῦτα
601 3953 715 4012 ελπεῖν·
738 3953 796 4027 ,ἐν
810 3944 919 4037 τριάδι
933 3950 1015 4031 μίαν
1031 3943 1114 4014 εἶναι
1130 3945 1289 4027 θεότητα.
1313 3942 1414 4022 οὕτως

366 4049 410 4138 ἦν
432 4060 502 4147 φῶς
523 4052 640 4142 νοερδν
661 4053 725 4146 πρὸ
748 4052 859 4147 φωτὸς
879 4058 1006 4143 νοεροῦ,
1028 4061 1084 4122 καὶ
1105 4049 1149 4137 ἦν
1171 4055 1223 4122 ἀεὶ
1245 4058 1323 4132 νοῦς
1337 4052 1415 4133 νοὸς

366 4164 533 4257 φωτεινός,
554 4171 611 4234 καὶ
633 4166 726 4236 οὐδὲν
749 4175 859 4253 ἕτερον
880 4157 924 4246 ἦν
944 4165 966 4246 ἡ
989 4164 1107 4234 τούτου
1121 4163 1235 4246 ἑνότης
1249 4160 1271 4246 ἢ
1287 4168 1417 4257 πνεῦμα

366 4275 477 4346 πάντα
498 4283 662 4365 περιέχον·
685 4275 777 4354 ἐκτὸς
797 4273 916 4343 τούτου
939 4276 979 4344 οὐ
998 4274 1089 4357 θεός,
1111 4275 1170 4344 οὐκ
1189 4271 1335 4362 ἀγγελος,
1356 4275 1414 4343 οὐκ

368 4389 463 4458 οὐσία
485 4413 536 4468 τις
557 4385 658 4469 ἀλλη·
681 4385 813 4455 πάντων
833 4381 899 4474 γάρ
920 4384 1029 4476 κύριος
1050 4390 1106 4455 καί
1126 4384 1235 4478 πατὴρ
1254 4391 1308 4456 καί
1325 4385 1414 4465 θεός,

1613 3975 1620 4088 ί

1617 4207 1620 4308 ι
