3517 5434
722 692 845 746 Praelau'o
862 693 988 746 Flussstis.
1341 705 1382 747 xv

332 851 481 919 Ilicinum
494 858 615 916 temere
629 870 779 938 graecam
793 850 973 916 versionem
988 845 1092 914 eidcm
1105 845 1270 914 Mercurio
1286 851 1383 916 ascri·

331 965 441 1052 puisse.
480 961 632 1046 quocirca
652 983 717 1026 non
738 962 898 1027 immerito
919 958 1184 1047 praesagiendum
1206 960 1277 1044 fuit,
1299 961 1383 1047 peri-

330 1085 400 1141 tum
422 1072 583 1160 quendam
603 1095 753 1160 graecam
775 1072 946 1140 editionem
969 1070 1180 1137 constituisse.
1226 1071 1313 1156 quod
1334 1079 1382 1138 se·

331 1207 389 1252 cus
415 1185 556 1272 Apuleio
583 1183 618 1248 in
638 1183 838 1252 traducendo
865 1183 1026 1271 volumine
1057 1182 1096 1246 de
1126 1182 1290 1248 voluntate
1318 1181 1383 1250 Dei

331 1296 372 1362 ab
401 1296 514 1361 eodem
535 1295 700 1362 Mercurio
730 1295 874 1383 contigit.
927 1296 955 1360 is
984 1315 1122 1379 nsmque
1151 1294 1258 1378 aliqua
1285 1295 1382 1382 vulgo

329 1406 488 1493 prodidit,
516 1430 599 1492 quae
620 1407 819 1472 Mercurium
843 1415 988 1472 nostrum
1010 1405 1210 1472 idololatriae
1233 1407 1382 1493 contagio

329 1518 491 1603 (quamvis
513 1541 533 1583 a
554 1541 588 1584 se
616 1519 848 1600 remotissimo)
877 1519 975 1604 impie
1005 1517 1195 1599 affecerunt,
1227 1516 1382 1604 abrogato

329 1629 503 1715 exemplari
524 1651 658 1716 graeco,
684 1652 726 1695 nc
748 1634 807 1711 (ut
827 1633 981 1716 putatur)
1004 1636 1115 1715 pateat
1135 1628 1220 1694 illius
1242 1628 1276 1692 in
1297 1627 1382 1694 hunc

328 1748 491 1827 patratum
519 1740 631 1806 scelus.
683 1741 781 1806 homo
809 1763 949 1825 namque
977 1735 1116 1815 ἄπιστος
1143 1762 1182 1805 ac
1210 1741 1383 1808 innumeris

329 1851 502 1916 sceleribus
529 1850 653 1915 obsitus
680 1851 799 1936 legitur
820 1851 988 1935 Apuleius.
1035 1867 1133 1932 quare
1155 1873 1219 1914 non
1242 1851 1302 1914 erit
1323 1851 1382 1914 mi-

329 1984 411 2044 rum,
433 1959 516 2025 tanti
530 1958 591 2023 viri
604 1980 721 2022 nomen
741 1959 837 2033 huius
852 1955 1036 2042 κακούργου
1059 1965 1176 2024 conatu
1189 1959 1380 2046 impugnari.

330 2073 406 2157 quin
426 2069 561 2157 proinde
581 2068 702 2134 iustum
723 2091 900 2151 censemus,
921 2067 1084 2134 foedatum
1097 2067 1239 2135 libellum
1262 2074 1382 2151 (exem-

329 2183 428 2268 plaris
463 2181 572 2267 graeci
606 2180 858 2266 redemptionem
892 2179 1145 2265 praestolantes)
1186 2180 1269 2246 inter
1301 2181 1381 2248 haec

329 2292 464 2368 emittm,
479 2299 517 2356 ut
546 2313 628 2375 quae
656 2291 739 2356 citra
758 2290 864 2356 labem
894 2290 934 2356 ab
957 2289 1020 2355 hoc
1041 2288 1162 2356 Divino
1189 2291 1381 2379 philosopho

329 2403 538 2488 suscepimus,
561 2402 621 2467 tibi
634 2403 731 2490 vigili
748 2397 913 2489 θεοφόβῳ
936 2423 974 2466 ac
988 2401 1043 2488 pio
1065 2401 1188 2486 lectori,
1211 2413 1382 2491 augustum

329 2513 458 2599 quidem
479 2534 577 2598 opus,
606 2513 682 2578 licet
707 2535 773 2578 non
799 2534 860 2598 pro
888 2512 938 2578 sui
968 2511 1126 2600 dignitate
1149 2514 1267 2580 cultum
1292 2516 1381 2582 exhi-

327 2626 471 2706 beamus,
492 2624 647 2710 temporis
668 2621 796 2708 quidem
810 2623 905 2709 lapsu
917 2623 997 2688 vitio
1013 2625 1218 2708 maculatum,
1241 2625 1299 2690 sed
1320 2651 1379 2713 pro

329 2744 446 2800 conatu
468 2735 652 2800 restitutum
674 2756 713 2800 ac
735 2733 944 2800 elucidatum:
967 2734 1101 2818 unet,
1124 2737 1183 2818 tui,
1206 2736 1398 2822 mundique„

326 2844 481 2911 noscendi
509 2847 635 2929 copiam
661 2847 765 2910 fauste
794 2844 980 2930 perhibens,
1015 2845 1126 2910 infima
1152 2846 1379 2935 intelligentiae

327 2955 467 3018 Divinae
494 2973 599 3018 nocua
620 2963 782 3034 coerceat,
811 2963 844 3017 et
865 2975 1015 3038 suprema
1043 2955 1111 3018 sola
1138 2965 1244 3020 mente
1274 2959 1380 3023 conci-

327 3062 456 3150 pienda,
477 3071 552 3145 tuae
572 3059 790 3148 speculationi
807 3063 984 3130 coniuncta
998 3069 1154 3150 perpetuo
1176 3065 1294 3138 foveat.-
1339 3068 1379 3134 de

327 3173 484 3249 Mercurii
511 3196 588 3239 vero
617 3181 667 3239 ter
694 3174 826 3240 maximi
855 3161 1037 3240 conditione
1060 3184 1092 3240 et
1113 3183 1257 3262 tempore
1284 3179 1377 3264 plura

327 3293 506 3368 narrantur,
529 3308 567 3350 ac
589 3285 673 3350 inter
695 3286 842 3369 antiquos
865 3284 906 3350 de
928 3285 990 3355 hoc
1013 3287 1233 3370 antiquissuno
1247 3288 1378 3373 loquen-

325 3406 375 3462 tes
396 3419 461 3462 non
483 3396 566 3461 citra
593 3395 851 3465 controversiam.
897 3397 1111 3462 recentiorum
1137 3420 1213 3464 vero
1241 3399 1378 3467 Ioannes

325 3508 483 3573 Functius
517 3507 725 3594 chronologia
752 3529 816 3572 sua·
839 3506 1038 3574 Mercurium
1066 3517 1205 3574 testatur
1232 3509 1376 3578 floruisse

327 3618 417 3682 annis
431 3619 476 3707 21Ι
490 3627 565 3683 ante
586 3620 691 3705 legem
704 3617 792 3682 Mosi
815 3617 924 3683 datam
946 3619 980 3682 in
1002 3618 1140 3701 deserto,
1163 3641 1246 3684 anno
1269 3622 1374 3686 exitus
1465 3609 1469 3614 ¹

325 3725 454 3792 Israelis
482 3728 523 3792 ab
551 3729 704 3814 Aegipto.
755 3727 967 3811 quodetiam
1003 3729 1175 3795 difficulter
1203 3731 1376 3798 constabit.

325 3858 400 3910 nam
422 3836 509 3922 apud
531 3837 678 3920 antiquos
699 3846 863 3922 receptum
887 3848 953 3922 est,
975 3840 1174 3907 Mercurium
1196 3841 1284 3907 hunc·
1303 3841 1376 3908 ideo

325 3946 568 4012 Termaximum
581 3948 770 4033 nuncupari,
786 3947 873 4032 quod
887 3949 977 4014 iuxta
992 3960 1135 4018 vetustos
1149 3951 1375 4040 Aegiptiorum

324 4080 429 4124 mores
451 4081 471 4122 a
486 4058 626 4123 maximo
649 4057 840 4146 philosopho
862 4059 895 4123 in
918 4059 1132 4126 sacerdotium
1153 4073 1333 4147 vocaretur,
1356 4087 1375 4131 a

323 4169 464 4232 maximo
485 4168 677 4255 philosopho
700 4171 740 4234 in>
755 4169 969 4236 sacerdotium
992 4181 1170 4256 vocaretur,
1194 4197 1214 4238 a
1234 4175 1373 4240 maximo

324 4297 400 4340 vero
423 4278 593 4346 sacerdote.
610 4280 643 4344 in
665 4303 774 4368 regem
803 4284 933 4350 accitus¹
956 4292 1049 4351 esset.
1094 4284 1179 4350 unde
1201 4294 1250 4349 ter
1271 4284 1373 4348 maxi-

324 4406 410 4448 mum
432 4386 521 4451 illum
544 4388 618 4472 dici,
641 4380 876 4477 philosophum,
900 4394 1108 4477 sacerdotem,
1131 4417 1169 4458 ac
1191 4417 1299 4479 regem
1320 4415 1371 4456 re-
