3517 5434
835 672 846 728 1
860 672 891 726 11
1310 675 1419 750 Γρηγόρ.

304 843 386 915 τοῖιν,
408 838 522 922 σαρκδς
543 833 717 914 ἀνάστασιν,
741 836 823 919 ζωὴν
845 836 982 898 αίιῦνιον.
1021 833 1235 918 ὁμολογοῦμεν
1254 832 1419 915 θμοοόσιον

305 935 383 999 εἶναι
410 939 454 1020 τιγῦ
482 933 573 1017 πατρὶ
600 934 651 996 τδν
682 934 748 997 υίδν
775 935 826 998 καὶ
853 935 887 997 τδ
917 935 1038 1014 πνεῦμα
1063 931 1116 992 καὶ
1143 925 1212 1014 μίαν
1236 930 1289 1012 τὴν
1313 927 1420 992 οῦσίαν

305 1037 358 1116 τῆς
378 1033 516 1118 τριάδος,
544 1029 626 1094 τοῦτ’
652 1030 730 1114 ἐστὶν
753 1032 822 1114 μίαν
842 1030 989 1113 θεότητα,
1021 1033 1157 1112 φυσικῶς
1177 1027 1342 1110 άγεννήτυυ
1365 1027 1420 1109 μὲν

305 1130 392 1199 ὄντος
412 1133 466 1193 τοῦ
489 1127 620 1212 πατρός,
648 1127 846 1212 γεννηθέντος
868 1129 903 1192 δὲ
924 1132 977 1192 τοῦ
1000 1127 1069 1190 υίοῦ
1094 1122 1264 1212 ἐκπατρῦς
1287 1123 1422 1208 ἀληθινή

303 1228 456 1312 γεννήσει,
486 1226 523 1289 οδ
543 1226 667 1309 ποιήσει
690 1230 729 1309 πή
751 1225 784 1289 ὲκ
807 1226 1004 1311 βουλήσεως,
1028 1227 1082 1288 τοῦ
1105 1223 1168 1306 [δὲ]
1191 1223 1363 1307 πνεύματος
1386 1223 1454 1288 ἐκῦ

305 1328 358 1407 τῆς
378 1323 485 1392 οὐσίας
500 1328 554 1386 τοῦ
572 1325 687 1407 πατρὸς
705 1323 747 1386 δι’
768 1324 837 1387 υίοῦ
856 1323 964 1390 ἀιδίως
983 1321 1222 1406 ἐκπεμφθέντας,
1245 1323 1420 1404 ἁγιαστικοῦ
1467 1311 1470 1318 ’

305 1425 358 1504 τῆς
385 1421 460 1505 ὅλης
484 1421 621 1489 κτίσεως.
662 1422 876 1504 ὁμολογῶμεν
904 1419 939 1482 δὲ
964 1418 1014 1481 καὶ
1038 1419 1238 1503 σαρκωθέντα
1257 1421 1307 1482 τδν
1330 1417 1420 1502 λόγον
1512 1438 1514 1442 ·

306 1519 357 1582 καὶ
378 1519 600 1604 φανερωθέντα
624 1519 655 1582 όν
680 1522 811 1602 σαρκική
830 1518 970 1600 γεννήσει
993 1522 1032 1600 τή
1052 1516 1086 1580 ἐκ
1106 1516 1284 1602 παρθένου,
1312 1515 1367 1580 οὐκ
1390 1515 1421 1578 ἐν

306 1615 463 1701 ἀνθρώπῳ
486 1615 703 1700 ἐνεργήσαντα.
743 1614 816 1683 τοῦς
836 1615 872 1678 δὲ
890 1620 1113 1682 κοινωνοῦντας
1132 1612 1210 1700 [40]
1232 1619 1295 1684 τοῖς
1316 1613 1421 1699 ἑκβάλ·

306 1715 395 1775 λουσι
423 1715 457 1777 τδ
488 1711 654 1796 θμοοόσιυν
683 1714 726 1780 ὡς
754 1709 915 1795 ἀλλότριον
944 1717 1003 1776 τῶν
1031 1718 1158 1796 γραφῶν
1188 1713 1239 1774 καλ
1262 1714 1289 1775 τὶ
1313 1711 1347 1776 ἐκ
1369 1717 1423 1794 τῆς
1442 1710 1474 1768 ¹⁰

305 1811 428 1893 τριάδος
453 1809 571 1874 κτιστδν
599 1808 724 1890 λέγουσι
748 1810 800 1871 καὶ
824 1809 993 1892 χωρίζουσι
1020 1815 1074 1892 τῆς
1102 1813 1171 1892 μιᾶς
1192 1814 1330 1892 Ιμυστικῆς
1352 1809 1421 1872 θεό-

305 1929 395 1990 τητος
423 1906 603 1990 ἀλλοτρίους
627 1906 790 1989 ἡγούμεθα
811 1907 862 1968 καί
885 1906 987 1970 υίιδενὶ
1009 1912 1068 1970 τῦιν
1090 1907 1236 1970 τυιοότων
1259 1911 1421 1991 κοινωνοῦ·

308 2027 375 2089 μεν.
418 2003 461 2072 είς
481 2004 553 2071 θεὸς
576 2003 593 2066 ό
615 2003 726 2086 πατήρ,
749 2005 768 2086 ή
789 2003 939 2088 θεότηςή
962 2005 1059 2089 μόνη,
1082 2003 1156 2073 θεὸς
1178 2005 1212 2068 δὲ
1234 2005 1285 2068 καὶ
1306 2005 1322 2067 δ
1346 2001 1422 2078 υίός,

307 2103 397 2164 εἰκὼν
423 2105 477 2184 τῆς
500 2105 570 2184 μιᾶς
597 2100 648 2162 καὶ
674 2099 770 2184 μόνης
797 2099 947 2185 θεότητος
975 2104 1017 2165 ὢν
1040 2103 1162 2186 ἀληθὴς
1183 2102 1261 2165 κατὰ
1284 2099 1422 2184 γέννησιν

306 2199 357 2262 καλ
381 2199 490 2284 ριἰσιν,
510 2198 548 2280 ἣν
570 2197 606 2259 ἐκ
622 2202 677 2260 τοῦ
696 2201 811 2282 πατρὸς
833 2197 915 2283 ἔχει,
937 2198 1040 2284 κόριος
1062 2197 1106 2268 εἷς
1127 2201 1142 2263 ὁ
1165 2198 1247 2270 υίός,
1272 2197 1421 2265 ὡσαύτως
1440 2207 1473 2260 ιθ

307 2297 343 2360 δὲ
367 2295 476 2359 καὶτὸ
503 2299 640 2377 πνεῦμα,
670 2295 724 2377 τήν
751 2301 805 2359 τοῦ
828 2296 897 2359 υίοῦ
919 2294 1083 2380 κυριότητα
1104 2296 1276 2380 διαπέμπον
1302 2297 1345 2364 εἰς
1368 2295 1421 2378 τὴν

306 2391 511 2476 όγιαζομένην
530 2392 634 2455 κτίσιν.
660 2383 741 2462 4υίδς
758 2393 937 2478 ἐπεδήμησε
954 2393 1073 2478 κόσμῳ,
1098 2395 1195 2477 σάρκα
1214 2394 1249 2458 ἐκ
1265 2392 1422 2477 παρθένου

306 2493 430 2578 λαβών,
460 2489 498 2572 ἣν
528 2489 708 2575 ἐπλήρωσεν
735 2489 822 2572 ἁγίου
849 2492 1024 2574 πνεύματος
1051 2493 1094 2560 είς
1113 2494 1163 2556 τδν
1185 2491 1306 2555 πάντων
1332 2491 1422 2573 ήμῶν

219 2625 234 2635 -
306 2587 473 2671 ἁγιασμόν,
503 2586 627 2672 θανάτῳ
650 2589 684 2651 δὲ
706 2588 866 2673 παραδοὺς
887 2591 940 2672 τὴν
966 2591 1077 2674 σάρκα,
1100 2589 1151 2652 τὸν
1176 2589 1313 2651 θάνατον’
1332 2584 1424 2650 ἔλυσε

306 2685 359 2748 διὰ
383 2687 437 2767 τῆς
451 2684 726 2753 ’άναστάσιωςείς
747 2685 800 2768 τὴν
821 2687 942 2749 πάντων
963 2688 1051 2768 ἡμῶν
1076 2687 1255 2762 ἀνάστασιν,
1289 2684 1421 2766 ἀνῆλθεν
1440 2691 1475 2746 θ]

307 2781 344 2844 δὲ
364 2780 408 2848 είς
428 2778 571 2863 οὐρανόν,
595 2781 680 2864 ὑψῶν
704 2781 755 2842 καὶ
776 2781 914 2851 δοξάζων
938 2782 1122 2865 ἀνθρώπους
1144 2783 1175 2845 ἐν
1199 2783 1311 2866 ἑαυτῷ,
1338 2779 1423 2864 ἔρχε.

306 2901 357 2941 ται
379 2877 415 2941 δὲ
434 2877 468 2938 τδ
489 2875 649 2961 δεότερον,
680 2877 896 2941 άποιιαθιστῶν
922 2881 994 2962 ήμῒν
1019 2880 1071 2961 τήν
1095 2881 1219 2942 αἰώνιον
1243 2880 1326 2961 ζωὴν
1348 2877 1425 2957 [τοῖς

306 2972 485 3041 πιστεύουσι
510 2973 561 3035 καὶ
585 2978 713 3057 τηροῦσι
730 2974 784 3044 τὰς
808 2975 933 3045 ἐντολὰς
954 2975 1074 3059 αὐτοῦ]
1120 2977 1163 3046 είς
1182 2975 1261 3044 υἱός·
1291 2975 1343 3039 καὶ
1363 2975 1423 3056 πρὸ

307 3075 361 3154 τής
384 3071 572 3154 σαρκώσειος
593 3071 644 3133 καὶ
667 3073 744 3155 μετὰ
764 3074 819 3156 τἠν
843 3074 994 3156 σάρκωσιν
1019 3075 1035 3137 ό
1061 3073 1163 3150 αὐτός,
1189 3070 1424 3157 ἄνθρωποςκαὶ

307 3167 397 3244 θεός,
424 3169 567 3252 ίκάτερον
596 3173 640 3238 ὡς
666 3170 709 3234 ἕν.
749 3173 801 3235 καὶ
825 3171 885 3254 οὐχ
912 3171 1015 3256 ἕτερον
1041 3172 1095 3254 μὲν
1117 3170 1284 3255 πρόσωπον
1310 3171 1326 3232 ό
1351 3169 1424 3236 θεὸς
1440 3175 1475 3230 θῦ

308 3265 411 3347 λόγος,
434 3265 539 3349 ἕτερον
560 3267 595 3329 δὲ
615 3265 779 3350 ἄνθρωπος
797 3265 934 3351 Ἰησοῦς,
961 3269 1031 3332 ἀλλ’
1057 3270 1148 3340 αότδς
1172 3267 1422 3352 ῦπροῦπάρχων

309 3364 375 3432 υίδς
399 3362 528 3431 ίνωθεὶς
554 3365 643 3448 σαρκὶ
671 3364 705 3428 ἐκ
730 3362 853 3450 Μαρίας
874 3365 1022 3451 κατέστη,
1054 3366 1170 3430 τέλειον
1192 3365 1243 3429 καί
1265 3363 1350 3446 ἅγιον
1375 3363 1425 3426 καὶ

308 3461 521 3546 ἀναμάρτητον
543 3461 707 3548 ἄνθρωπον
729 3461 867 3531 συνιστὰς
888 3463 996 3528 ἑαυτὸν
1019 3465 1070 3528 καὶ
1093 3465 1265 3546 οἰκονομῶν
1288 3461 1331 3530 είς
1354 3461 1423 3524 ἀνα·

308 3558 418 3622 νίωσιν
448 3559 687 3643 άνθροιπότητος
718 3560 770 3623 καὶ
801 3558 920 3642 κόσμου
953 3563 1066 3631 παντὸς
1095 3562 1256 3645 σωτήριον.
1305 3559 1379 3628 θεὸς
1406 3560 1423 3622 θ

307 3658 425 3739 πατήρ,
446 3655 562 3720 τίλειον
586 3659 628 3721 ὢν
649 3658 833 3743 πρόσωπον,
856 3657 974 3721 τέλειον
998 3657 1135 3744 ἔχειτὸν
1159 3657 1249 3741 λόγον
1273 3657 1304 3728 ἐξ
1328 3656 1422 3719 αὐτοῦ
1441 3663 1476 3718 θθ

308 3752 527 3836 γεγεννημένον
561 3754 703 3837 ἀληθῶς,
738 3755 797 3840 οὐχ
826 3760 869 3824 ὡς
901 3756 991 3838 λόγον
1024 3756 1215 3840 λαλούμενον
1247 3755 1321 3818 οῦδὲ
1352 3753 1422 3818 καθ’

309 3849 468 3913 υἱοθεσίαν
489 3849 570 3926 υίόν,
599 3855 641 3920 ιὐς
662 3852 787 3936 ἄγγελοι
809 3855 861 3916 καὶ
884 3852 1043 3936 ἄνθρωποι
1066 3855 1126 3918 υἱοὶ
1149 3853 1225 3917 θεοῦ
1248 3856 1425 3931 καλοῦνται,

309 3945 391 4010 ἀλλὰ
412 3948 477 4011 υίδν
499 3947 590 4031 ρόσει
611 3950 696 4027 θεόν,
719 3949 837 4014 τέλειον
863 3951 899 4014 δὲ
919 3948 1013 4034 [ἔχει]
1033 3951 1135 4015 καὶτὸ
1156 3955 1277 4034 πνεῦμα
1288 3950 1324 4014 τδ
1340 3949 1425 4032 όγιον

310 4042 345 4107 ἐκ
371 4043 449 4107 θεοῦ
478 4046 518 4110 δι’
547 4047 615 4112 υίοῦ
642 4047 876 4132 χορηγοόμενον
906 4048 950 4115 εἰς
970 4046 1042 4114 τοὺς
1062 4046 1334 4130 υίοθετουμίνους,
1365 4051 1424 4120 ζῦιν

308 4141 360 4203 καὶ
389 4142 561 4221 ζωοποιόν,
599 4144 685 4227 ἅγιον
717 4146 795 4226 [καὶ]
828 4145 1000 4227 ἁγιαστιιιδν
1035 4147 1094 4205 τῶν
1128 4144 1424 4230 μεταλαμβανόντων
1442 4153 1477 4208 θῦ

310 4236 418 4314 αὐτοῦ,
440 4239 501 4325 οὐχ
520 4244 563 4309 ὥς
581 4241 630 4304 ὑπ’
650 4241 817 4326 ἀνθρώπου
833 4241 929 4324 πνοήν
947 4239 1190 4324 ἐμπνευσθεῖσαν
1205 4239 1425 4316 ἀνυπόστατον,

310 4334 380 4400 ἀλλ’
405 4334 440 4398 ἐκ
460 4335 538 4400 θεοῦ
559 4342 674 4417 ζῶσαν,
696 4338 735 4403 δι’
759 4338 835 4422 ὅπερ
859 4341 879 4422 ή
903 4337 986 4422 τριὰς
1005 4337 1199 4422 προσκυνητὴ
1223 4337 1354 4419 δοξαστὴ
1374 4338 1426 4400 καὶ

308 4432 393 4515 τιμία
412 4433 464 4496 καλ
485 4435 662 4519 σεβάσμιος,
680 4436 795 4520 πατρὸς
814 4437 869 4518 μὲν
891 4437 922 4498 ἐν
938 4437 995 4522 υίηῦ
1008 4432 1191 4516 νοουμένου,
1215 4434 1285 4496 καθ’
1303 4432 1348 4495 ότι
1362 4433 1427 4501 υίὸς

310 4527 342 4600 st
364 4529 477 4607 αὐτοῦ,
504 4530 572 4594 υίοῦ
598 4531 633 4595 a&
655 4531 688 4594 ίν
709 4533 801 4617 πατρὶ
823 4531 1050 4616 δυξαζομίνυυ,
1077 4529 1149 4594 καθ’
1175 4530 1192 4594 ό
1214 4529 1291 4592 ίστιν
1315 4529 1349 4593 ἐκ
1371 4551 1425 4592 τια-
