3517 5434
857 683 896 744 ιι
927 768 933 779 ¹
979 691 986 704 ·
1229 783 1238 796 .
1269 678 1457 751 σεε-εκ

324 853 387 918 τοῖς
414 847 589 934 ἔμπροσθεν
620 848 809 935 ἀπεδείχθη,
838 851 918 912 ὥστε
943 849 993 914 τὸν
1017 845 1153 932 πόλεμον
1178 847 1375 934 διαβλητέυν,
1401 843 1460 931 οὐ,

324 950 374 1012 τύν
393 947 601 1032 ἀποβαίνοντα
620 946 763 1026 θάνατον,
776 947 994 1031 συμφερόντως
1013 946 1164 1030 κείμενον,
1184 945 1264 1010 ἀλλά
1283 949 1341 1008 τῶν
1358 969 1438 1031 χρω·

325 1044 425 1130 μένων
445 1044 510 1124 (καὶ
526 1044 656 1127 μάλιστα
670 1045 711 1129 μὴ
727 1044 866 1124 δικαίως)
890 1045 942 1127 τήν
963 1042 1120 1128 πρόθεσιν,
1144 1043 1181 1126 ἧς
1204 1043 1220 1105 ό
1242 1067 1276 1124 γε
1298 1047 1438 1128 προνοῶν

324 1146 383 1208 τῶν
400 1142 474 1208 καθ’
496 1143 577 1224 ἡμᾶς
596 1142 737 1210 ἀναίτιος.
798 1141 849 1212 24.
886 1135 974 1210 αὐθις
994 1141 1097 1225 ἕτερον
1123 1140 1219 1218 εἶδος,
1245 1141 1286 1202 ὧν
1310 1141 1326 1204 ό
1349 1143 1440 1226 χαλε·

324 1242 449 1304 πύτατα
469 1240 574 1324 μανεὶς
593 1241 731 1315 αἰτιᾶται,
751 1245 884 1323 σεισμῶν
905 1239 955 1300 καὶ
976 1240 1092 1321 λοιμῶν
1111 1241 1162 1302 καὶ
1182 1241 1278 1322 λιμῶν
1299 1239 1473 1322 ἀφοριῦινύ

324 1359 357 1400 τε
387 1337 439 1399 καὶ
467 1337 600 1420 ἀκρίδων
628 1338 680 1400 καὶ
706 1341 767 1400 τῶν
794 1336 957 1411 τοιούτων,
985 1339 1027 1404 ὡς
1057 1337 1087 1406 ἐξ
1112 1336 1248 1404 ἐναντίος
1271 1335 1369 1420 ἀρχῆς
1390 1334 1441 1398 καλ
1518 1354 1525 1367 ’

325 1438 415 1498 τοῦτο
443 1433 613 1518 γινόμενον.
665 1435 758 1516 δῆλον
789 1434 824 1496 δὲ
855 1437 918 1500 τοῖς
945 1432 1055 1495 άπασιν
1084 1436 1127 1502 ὡς
1144 1433 1186 1513 ,ἐν
1211 1433 1267 1516 μὲν
1289 1438 1354 1500 ταῖς
1373 1431 1441 1496 λίαν

325 1531 485 1615 εὐθυμίαις
508 1553 541 1594 τε
572 1532 622 1594 καὶ
651 1531 829 1616 εὐπραγίαις
861 1528 1007 1592 εῖύθασιν
1039 1534 1082 1598 ύς
1114 1529 1163 1592 ἐπὶ
1193 1532 1227 1593 τδ
1255 1530 1335 1594 πολύ
1361 1529 1439 1611 πλὴν

325 1629 436 1711 ὀλίγων
462 1630 571 1696 πάντες
601 1627 760 1712 ἄνθρωποι
792 1627 1039 1713 διαχαυνοῦσθαι
1067 1628 1121 1712 τὴν
1145 1628 1355 1692 διάνοιανκαὶ
1378 1631 1442 1694 τοῖς

324 1728 452 1790 πάθεσιν
482 1725 778 1789 ὑποκατακλίνεσθαι
809 1726 860 1788 καὶ
895 1726 1015 1808 μνήμην
1049 1727 1158 1811 ἀρετῆς
1181 1737 1223 1802 ’,τε
1253 1727 1304 1790 καί
1336 1725 1438 1788 πόνων
1460 1741 1492 1796 ιο

325 1823 485 1910 εὐσεβείας
512 1821 660 1906 οὐδεμίαν
691 1819 785 1907 ἔχειν.
832 1822 883 1884 καὶ
907 1821 997 1886 τοῦτό
1024 1845 1059 1905 γε
1088 1821 1215 1891 εἰκότως
1239 1822 1349 1907 τρόπον
1376 1820 1442 1886 τινὰ

325 1920 494 2005 συμβαίνει.
535 1919 659 1983 έπειδάν
680 1919 738 2004 γὰρ
756 1917 919 2003 πλησμονὴ
945 1919 1045 1984 σιτίων
1069 1941 1102 1982 τε
1119 1920 1170 1981 καὶ
1187 1926 1289 1982 ποτῶν
1310 1920 1442 2002 ἄμετρος

325 2017 376 2080 διά
400 2018 520 2100 πολλὴν
549 2016 694 2102 εὐπορίαν
722 2016 898 2101 ἀνθρώποις
923 2014 1097 2100 ἐγγένηται,
1127 2017 1256 2100 γαστρὸς
1279 2017 1329 2080 ὐπλ
1347 2014 1440 2078 πλέον

324 2113 540 2199 πιαινομένης,
572 2115 740 2200 παχύνεται
763 2115 818 2198 μὲν
843 2114 859 2176 ό
884 2117 973 2190 νοῦς,
1004 2114 1162 2178 ύπτιοῦται
1186 2115 1221 2178 δὲ
1245 2114 1261 2176 ό
1286 2111 1441 2196 λογισμός,

325 2211 518 2299 βαρυνομένη
549 2213 628 2295 δὲγί,
656 2213 740 2296 ψυχὴ
771 2216 834 2280 τοῖς
863 2211 1034 2293 ἀλογίστοις
1063 2213 1191 2276 πάθεσιν
1224 2212 1439 2297 ὑποβάλλεται.
1460 2227 1494 2285 15

325 2311 353 2376 εί
381 2309 417 2372 δέ
443 2331 486 2378 τις
514 2308 649 2394 συμβαίη
684 2312 743 2371 τῶν
777 2308 1019 2393 κατειλεγμένων
1052 2313 1238 2394 συμφορῶν,
1270 2310 1359 2393 ἧττον
1387 2309 1441 2391 μὲν

324 2396 453 2492 γαστρός
477 2407 687 2490 φροντίζουσιν
710 2405 887 2491 ἅνθρωποι,
911 2406 1001 2490 ἦττον
1024 2407 1058 2470 δὲ
1080 2411 1146 2474 ταῖς
1165 2408 1292 2490 ἡδοναῖς
1315 2405 1441 2470 δουλεύ-

325 2527 404 2580 ουσι,
426 2503 628 2589 σωφροσύνην
651 2527 684 2566 τε
706 2505 757 2568 καὶ
778 2504 938 2589 εὐσέβειαν
960 2505 1032 2588 (όση
1056 2503 1195 2587 δύναμις)
1218 2506 1443 2588 μεταδιώκουσι
1527 2512 1532 2521 “

292 2607 295 2612 ’
324 2601 375 2664 καὶ
405 2601 593 2685 βελτιοῦνται
621 2603 672 2666 τδν
697 2600 827 2685 τρόπον,
859 2605 901 2671 ὡς
925 2601 990 2665 οίόν
1010 2624 1060 2682 τε,
1085 2601 1261 2686 πιεζόμενοι
1283 2601 1440 2687 μάλλονΐη

326 2696 559 2782 εὐθηνούμενοι.
606 2705 680 2762 ποῖα
715 2700 814 2763 τοίνυν
848 2699 1068 2784 προσοίσαιμεν
1099 2705 1139 2783 τῇ
1171 2701 1261 2784 κακίᾳ
1288 2699 1365 2764 κατὰ
1391 2700 1441 2762 τὸν
1460 2717 1495 2774 ⁹⁰

327 2794 444 2877 ἐκείνου
466 2795 575 2878 λόγον;
600 2797 638 2860 τὰ
657 2804 697 2882 τῇ
709 2798 772 2880 μὲν
794 2798 938 2879 αἰσθήσει
957 2798 1091 2880 λυπηρά,
1108 2803 1147 2880 τῇ
1165 2799 1199 2861 δὲ
1220 2797 1356 2882 ἐνεργείᾳ
1376 2797 1442 2860 λίαν

327 2891 490 2976 ἀιφέλιμας
526 2898 602 2959 ποῖα
632 2895 668 2956 δὲ
699 2899 743 2980 τῷ
778 2894 904 2978 ἀγαθαῖς
938 2893 975 2956 τά
1006 2894 1086 2976 ἡδέα
1121 2894 1193 2977 μέν,
1232 2892 1295 2958 ἔστι
1331 2894 1356 2957 δ’
1394 2893 1444 2958 ότε
1508 2922 1522 2941 ·

328 2989 565 3074 βλαβερώτατας
589 2992 725 3060 καὶπῶς
747 2990 783 3053 οὐ
810 2989 893 3058 δόξει
915 2991 1112 3074 παιδαγωγὸς
1135 2991 1212 3056 εἶναι
1233 2995 1348 3075 μᾶλλον
1369 2993 1445 3076 πρὸς

327 3085 437 3169 ἀρετὴν
465 3087 484 3168 ί,
512 3087 604 3150 κακία
630 3092 685 3150 τοῦ
715 3087 852 3170 ἀγαθοῦς
883 3089 1031 3157 πολλάκις
1054 3089 1110 3173 γὰρ
1135 3087 1189 3159 οὓς
1209 3090 1249 3174 μὴ
1277 3088 1443 3174 μετέβαλεν

327 3183 377 3246 ἐπὶ
398 3183 432 3245 τδ
454 3187 588 3266 κρεῖττον
610 3184 750 3269 εὐθηνία,
774 3183 960 3268 μετεποίησέ
984 3207 1026 3255 τις
1049 3190 1269 3270 προσπεσοῦσα
1288 3185 1377 3270 λύπη
1391 3187 1442 3248 καὶ
1460 3203 1494 3259 25

327 3282 484 3364 συμφορά.
532 3279 655 3344 δέονται
682 3282 740 3367 γὰρ
770 3281 932 3366 ἄνθρωποι
961 3283 1012 3346 καὶ
1036 3284 1182 3348 τοιούτων
1202 3289 1289 3346 τινῶν
1312 3285 1444 3368 ἀναμνή-

327 3401 407 3441 σεων
441 3378 519 3442 κατὰ
547 3380 673 3463 καιροὺς
705 3381 782 3464 πρὸς
812 3382 847 3446 τδ
879 3381 1084 3465 διεγείρεσθαι
1116 3383 1167 3446 τδν
1205 3385 1275 3444 νοῦν
1307 3382 1359 3444 καὶ
1392 3387 1446 3466 τῆς

326 3477 466 3544 πλείονος
488 3476 646 3561 ῥηστώνης
665 3478 925 3544 ἀπαλλάττεσθαι.
961 3479 988 3542 εἰ
1013 3480 1066 3562 μὲν
1090 3479 1147 3564 γὰρ
1171 3479 1445 3565 εὐθηνο[υ]μένους

326 3572 363 3656 ἦν
391 3574 466 3635 ἰδεῖν
496 3574 608 3642 αὐτούς
635 3579 694 3638 τῶν
722 3579 795 3660 γοῦν
823 3577 967 3659 μεγάλων
997 3577 1193 3661 ἀδικημάτων
1219 3578 1444 3663 ἀπεχομένους,

328 3670 435 3752 μετρία
457 3670 493 3732 δὲ
516 3671 789 3753 πλημμελοῦντας,
812 3671 849 3756 ἦν
871 3672 907 3736 ἀν
927 3697 970 3742 τις
992 3673 1120 3756 εὔλογος
1140 3675 1318 3759 καταδρομὴ
1344 3680 1387 3744 ύς
1406 3675 1441 3738 οὐ
1460 3691 1495 3746 ω

327 3765 405 3856 κατὰ
426 3763 517 3847 λόγον
540 3767 591 3828 καὶ
612 3771 672 3828 τῶν
692 3767 840 3832 τοιούτων
858 3770 1103 3856 συμβαινόντων·
1126 3772 1154 3834 εἰ
1175 3771 1209 3835 δὲ
1229 3774 1306 3857 πρὸς
1324 3775 1443 3838 τελείαν

328 3867 381 3926 τοῦ
408 3867 615 3946 χορηγοῦντος
644 3862 743 3946 λήθην
774 3864 827 3946 τὴν
858 3867 983 3949 διηνεκῆ
1015 3873 1074 3932 τῶν
1097 3869 1270 3952 ἀναγκαίων
1291 3869 1443 3956 ἀφθονίαν

328 3961 555 4046 λαμβάνουσιν,
583 3959 747 4042 ἀναγκαῖόν
779 3985 854 4026 ποτε
884 3965 935 4028 καὶ
963 3967 997 4030 τδ
1021 3966 1224 4050 διεγείρεσθαι
1243 3972 1310 4038 ταῖς
1329 3992 1443 4053 συμφο-

328 4063 395 4142 ραῖς
426 4057 470 4126 εἰς
500 4058 619 4142 μνήμην
649 4058 726 4122 θεοῦ
735 4077 747 4137 ,·
780 4056 842 4146 ιβγε
873 4065 1027 4145 προσῆκεν
1059 4063 1252 4130 ἀδιάλειπτον
1285 4071 1338 4150 τῆς
1368 4067 1443 4150 ὑπὲρ

327 4157 415 4238 ἡμῶν
444 4156 629 4239 κηδεμονίας
661 4158 824 4241 ὁμολογεῖν
854 4161 908 4243 τὴν
938 4159 1044 4244 χάριν·
1079 4162 1159 4223 ὥστε
1186 4166 1341 4228 νουθετῶν
1371 4161 1495 4234 θεδςθύ

328 4251 511 4335 ἀνθρώπους
529 4254 689 4338 οἰκονομεῖ
701 4255 740 4320 τά
758 4262 897 4334 τοιαῦτα,
918 4255 974 4320 οὐκ
994 4256 1086 4340 ὐργῆς
1106 4279 1185 4326 τινος
1204 4260 1298 4324 πάθει
1317 4259 1443 4344 κατεχό-

329 4371 430 4432 μενος,
450 4349 532 4412 ἀλλά
550 4353 736 4436 κηδεμονίας
753 4354 805 4416 καὶ
825 4358 879 4437 τῆς
899 4357 958 4416 τῶν
977 4352 1133 4435 δεομένων
1156 4355 1341 4442 ἐπιστροφῆς
1356 4379 1443 4438 μετα·

328 4447 525 4531 ποιούμενος·
550 4447 625 4512 οὐδὲ
646 4449 704 4533 γάρ
726 4450 961 4534 φιλανθρωπίας
982 4455 1036 4533 τῆς
1057 4451 1203 4518 ἀνωτάτω
1224 4454 1276 4518 καὶ
1299 4453 1444 4536 ἀκριβοῦς

328 4542 365 4610 ἀν
388 4541 437 4628 εἴη
460 4544 495 4608 εὐ
518 4545 759 4630 ύποκορίίεσθαί
774 4569 809 4630 γε
828 4547 1013 4633 χρηστότητι
1031 4545 1069 4614 τά
1090 4549 1267 4634 ἀνθρώπινα
1289 4547 1374 4637 πάθη
1392 4549 1443 4618 καὶ
