3517 5434
340 675 449 751 Γρηγόρ.
867 669 877 724 1
890 668 926 724 Η)

337 854 395 894 πον
425 835 467 900 ῶς
492 830 595 915 ἕτερον
619 829 692 893 ὄντα
716 829 801 914 παρὰ
820 832 872 895 τόν
894 832 930 895 ἐκ
948 831 1026 896 θεοῦ
1049 829 1133 895 θεόν.
1177 829 1305 916 οἴῦαμεν
1324 832 1384 918 ’γὰρ
1408 832 1454 896 ὅτι

340 930 393 1006 ,ἐν
418 930 502 1013 ἀρχῇ
531 928 586 1011 μὲν
616 927 653 1012 ἧν
683 928 701 990 ό
728 927 820 1010 λόγος
843 931 895 992 καὶ
925 931 941 992 6
965 928 1057 1011 λόγος
1077 927 1114 1012 ἦν
1135 931 1212 1011 πρὸς
1230 931 1281 993 τόν
1303 930 1377 996 θεόν
1401 931 1454 996 καὶ
1566 1009 1568 1012 ¹
1618 975 1619 978 ι

337 1027 411 1094 θεὸς
432 1026 469 1111 ἦν
492 1027 508 1088 6
531 1023 655 1106 λόγσς“,
684 1026 849 1109 γενόμενον
876 1027 911 1089 δὲ
937 1025 1028 1110 αὐτόν
1050 1023 1213 1109 ἄνθρωπον
1235 1027 1286 1090 διὰ
1307 1031 1359 1112 τὴν
1379 1031 1452 1112 ἡμε-

337 1124 427 1208 τέραν
459 1122 611 1205 σωτηρίαν
639 1129 871 1207 προσκυνοῦμεν
903 1123 962 1209 οὐχ
992 1127 1035 1191 ὡς
1065 1121 1131 1186 ’ίσον
1157 1123 1188 1186 ἐν
1213 1123 1452 1210 ίσιργενόμενον

303 1228 383 1307 στῶ
414 1223 543 1304 σώματι,
572 1219 643 1282 ἀλλ’
672 1224 716 1288 ῶς
746 1220 897 1305 δεσπότην
925 1219 1142 1310 προσλαβόντα
1171 1221 1224 1304 την
1254 1228 1308 1286 τοῦ
1338 1224 1451 1287 δοῦλου

338 1319 472 1403 μορφήν.
514 1319 728 1400 ὁμολογοῦμεν
758 1320 792 1381 τὸ
821 1307 921 1387 πάθος
949 1325 1004 1384 τοῦ
1032 1317 1138 1402 κυρίου
1160 1319 1238 1382 κατὰ
1262 1321 1368 1404 σάρκα,
1399 1321 1451 1402 τἠν

338 1417 499 1478 ἀνάστασιν
532 1415 564 1478 ἐν
595 1417 723 1497 δυνάμει
748 1414 896 1499 θεότητος
923 1415 1034 1493 αὐτοῦ,
1064 1417 1118 1498 τὴν
1142 1417 1185 1486 εἰς
1209 1415 1361 1501 οὐρανοὺς
1383 1419 1452 1481 ἀνά-

337 1515 441 1598 βασιν,
467 1514 520 1594 τὴν
542 1510 664 1595 ἔνδοξον
686 1511 781 1575 αότοῦ
804 1515 975 1597 παρουσίαν
998 1511 1169 1599 ἐρχομένου
1194 1511 1243 1575 ἐπὶ
1261 1515 1358 1597 κρίσει
1381 1517 1452 1586 ζῶν·

337 1633 398 1673 των
424 1611 476 1674 καὶ
503 1614 618 1693 νεκρῶν
645 1608 696 1672 καὶ
718 1613 786 1695 ζωῇ
807 1613 923 1698 αἰωνίῳ
945 1617 1004 1674 τῶν
1029 1609 1133 1693 ἁγίων.
1174 1609 1225 1673 καὶ
1249 1609 1355 1696 ἐπειδή
1377 1634 1455 1681 τινες

287 1721 322 1774 1⁰
337 1706 580 1792 παρηνόχλησαν
602 1708 686 1789 ἡμῖν,
717 1707 896 1793 ἀνατρέπειν
922 1709 1147 1794 ἐπιχειροῦντες
1168 1707 1221 1790 τὴν
1246 1708 1342 1771 πίστιν
1364 1709 1452 1793 ἡμῶν

335 1806 390 1887 την
419 1807 462 1873 είς
486 1805 537 1868 τόν
565 1805 669 1890 κόριον
698 1806 787 1888 ἡμῶν
812 1805 933 1890 Ἰησοῦν
961 1809 1011 1870 τὸν
1040 1804 1180 1890 χριστόν,
1212 1805 1248 1868 οῦ
1277 1805 1351 1870 θεὸν
1379 1807 1452 1892 [00]

337 1901 537 1986 σαρκωθέντα
570 1904 795 1985 ὁμολογοῦντες
826 1904 918 1969 αὐτόν
954 1903 1035 1967 ἀλλὰ
1067 1902 1233 1986 ἄνθρωπον
1264 1902 1331 1989 θεῷ
1364 1927 1452 1969 συνα·

320 1998 471 2084 Ιρθέντα,
499 2000 608 2064 τοῦτου
636 2001 725 2085 χάριν
756 2003 923 2085 ὁμολογίαν
952 2000 1128 2084 ποιοίμεθα
1147 2002 1217 2085 περὶ
1239 2005 1292 2084 τῆς
1312 2023 1453 2088 προειρη-

337 2095 432 2179 μένης
455 2096 601 2186 πίστεως,
632 2096 832 2181 ἐκβάλλοντες
854 2100 907 2182 τὴν
932 2098 1056 2162 ἄπιστον
1078 2097 1261 2181 ἀντιλογίαν.
1301 2099 1375 2168 θεὸς
1395 2100 1452 2186 γὰρ

288 2211 320 2264 ιι
338 2193 510 2277 σαρκωθεὶς
537 2194 717 2278 ἀνθρωπίνη
744 2195 833 2278 σαρκὶ
857 2195 996 2280 καθαρὰν
1021 2193 1088 2280 ἔχει
1108 2196 1159 2277 τὴν
1185 2197 1262 2260 ἰδίαν
1287 2193 1452 2280 ἐνέργειαν,

335 2295 409 2359 νοῦς
434 2291 583 2374 ἀήττητος
609 2293 651 2354 ῶν
678 2297 738 2372 τῶγ
769 2297 907 2377 ψυχικῶν
936 2293 986 2355 καὶ
1003 2297 1164 2378 ’σαρκικῶν
1187 2293 1379 2378 παθημάτων
1402 2296 1454 2358 καὶ

337 2387 420 2470 ἄγων
448 2389 501 2470 τὴν
531 2389 629 2471 σάρκα
651 2389 777 2456 καὶτὰς
801 2389 946 2472 σαρκικάς
967 2391 1100 2473 κινήσεις
1120 2390 1232 2460 θεϊκῶς
1252 2413 1285 2454 τε
1308 2391 1359 2454 καὶ
1382 2391 1452 2455 ἀνα-

338 2485 499 2568 μαρτήτως
524 2485 576 2548 καὶ
607 2484 644 2548 οῦ
677 2486 770 2570 μόνον
801 2487 984 2569 ἀκράτητος.
1000 2487 1142 2573 θανάτῳ,
1175 2489 1256 2553 ἀλλὰ
1287 2489 1338 2552 καὶ
1371 2487 1453 2552 λόων

336 2579 479 2642 θάνατον.
522 2582 573 2644 καὶ
598 2582 661 2645 ἐστὶ
683 2584 756 2652 θεὸς
778 2583 924 2666 ἀληθινός
949 2585 965 2647 6
992 2583 1127 2668 ἄσαρκος
1151 2585 1181 2648 ἐν
1207 2587 1293 2670 σαρκὶ
1315 2607 1453 2670 φανερω-

284 2695 321 2749 m
337 2677 417 2754 θείς,
439 2677 558 2748 τέλειος
577 2684 618 2763 τῇ
641 2680 776 2764 ἀληθινῇ
794 2681 845 2743 καὶ
867 2679 938 2764 θείᾳ
961 2681 1201 2766 τελειότητι,ὀύ
1223 2684 1277 2747 θόο
1299 2682 1453 2767 πρόσωπα

337 2773 412 2838 οὐδὲ
435 2776 491 2839 ῦίιο
513 2776 634 2861 ιρόσεις·
658 2777 734 2841 οὐδὲ
755 2778 812 2862 γὰρ
833 2777 970 2863 τέσσαρα
986 2786 1167 2863 προσκυνεῖν
1185 2783 1292 2866 [ἡμᾶς]
1311 2780 1471 2864 λέγομεν,ι

336 2871 409 2936 θεὸν
432 2875 483 2937 καὶ
505 2877 571 2940 υἱόν
593 2878 669 2940 θεοῦ
691 2877 743 2940 καὶ
766 2875 931 2960 ἄνθρωπον
954 2877 1005 2939 καὶ
1026 2882 1146 2961 πνεῦμα
1169 2879 1265 2962 οίγισν.
1301 2877 1340 2942 δι’
1364 2878 1379 2941 θ
1401 2879 1452 2956 καὶ

336 2969 601 3057 ἀναθερατίζυμεν
629 2974 700 3042 τοῦς
720 2973 819 3041 οὕτως
841 2975 1046 3058 ἀσεβοῦντας,
1076 2975 1147 3044 τοὺς
1170 2975 1334 3060 ἄνθρωπον
1359 2977 1390 3040 ἐν
1413 2981 1452 3060 τῇ

336 3066 407 3151 θείη
425 3069 587 3156 δοξολογίογ
604 3071 756 3140 τιθέντας·
778 3072 868 3155 ἡμεῖς
887 3070 945 3154 γὰρ
966 3073 1066 3156 φαμὲν
1086 3069 1250 3158 ἄνθρωπον
1270 3074 1453 3157 γεγενῆσθαι

286 3178 320 3232 ω
337 3165 388 3228 τὸν
417 3172 470 3229 τοῦ
501 3167 579 3232 θεοῦ
610 3169 702 3251 λόγον
730 3169 806 3252 πρὸς
838 3169 990 3253 σωτηρίαν
1019 3171 1123 3252 ἡμῶν,
1155 3168 1203 3234 ἵνα
1227 3171 1279 3255 τὴν
1305 3172 1451 3254 ὁμοίωσιν

335 3267 390 3324 τοῦ
412 3262 597 3348 ἐπουρανίου
621 3267 765 3351 λάβωμεν
786 3267 838 3329 καὶ
857 3266 1097 3350 θεοποιηθῶμεν
1115 3269 1192 3351 πρὸς
1211 3268 1378 3352 ὁμοιότητα
1397 3273 1451 3332 τοῦ

336 3363 414 3426 κατὰ
440 3361 528 3446 φύσιν
558 3363 708 3447 ἀληθινοῦ
736 3365 804 3427 υἱοῦ
830 3368 885 3426 ’τοῦ
908 3363 1002 3440 θεοῦ,
1030 3364 1107 3427 κατὰ
1132 3366 1230 3450 σάρκα
1252 3365 1286 3428 δὲ
1311 3367 1380 3428 υίοῦ
1403 3367 1451 3428 άν-

335 3459 465 3543 θράνπου
494 3461 600 3545 κυρίου
629 3461 719 3542 ἡμῶν
746 3459 851 3543 Ἰησοῦ
881 3466 1018 3544 χριστοῦ.
1066 3461 1247 3546 πιστεύομεν
1278 3462 1376 3535 τοίνυν
1408 3463 1452 3530 εἰς

336 3557 391 3620 ἕνα
413 3557 505 3633 θεόν,
526 3557 608 3621 τοῦτ’
634 3558 712 3620 ἐστὶν
735 3559 779 3626 εἰς
801 3559 871 3640 μίαν
896 3559 1012 3643 ἀρχήν,
1040 3559 1091 3622 τόν
1111 3559 1184 3622 θεὸν
1204 3566 1259 3625 τοῦ
1280 3557 1376 3643 νόμου
1399 3558 1451 3622 κοιλ

284 3666 321 3720 w
337 3657 391 3716 τοῦ
413 3653 604 3736 εὐαγγελίου,
626 3655 741 3717 δίκαιον
765 3657 816 3718 καὶ
838 3655 973 3739 ἀγαθόν,
996 3656 1047 3719 καὶ
1069 3657 1112 3724 εἰς
1132 3656 1187 3719 ἕνα
1208 3656 1311 3741 κόριον
1331 3655 1451 3739 Ἰησοῦν

336 3750 469 3834 χριστόν,
490 3751 565 3814 θεὸν
585 3752 745 3835 ἀληθινόν,
766 3755 847 3817 τοῦτ’
870 3754 949 3816 ἐστὶν
972 3752 1075 3817 εἰκόνα
1094 3757 1162 3836 [τοῦ
1177 3753 1286 3838 μόνου]
1302 3753 1451 3838 ἀληθινοῦ

335 3848 431 3924 θεοῦ,
459 3849 642 3932 δημιουργὸν
659 3850 791 3912 ,πάντων
824 3853 943 3936 όρατῶν
967 3873 1000 3913 τε
1022 3852 1073 3914 καὶ
1094 3851 1254 3936 ἀοράτων,
1286 3853 1351 3914 υἱὸν
1373 3851 1451 3916 θεοῦ

333 3946 388 4008 καὶ
407 3945 542 4030 γέννημα
565 3947 728 4029 μονογενὲς
749 3948 801 4010 καὶ
826 3948 945 4024 ἀίδιον,
975 3948 1065 4032 λόγον
1091 3952 1191 4021 ζῶντα
1216 3950 1268 4012 καὶ
1291 3949 1452 4032 ὑφεστῶτα

336 4043 401 4123 [καὶ
423 4043 636 4124 ὑποστατικὸν]
661 4045 713 4108 καὶ
736 4045 876 4128 ἐνεργόν,
907 4045 956 4107 ἀεὶ
979 4045 1107 4108 συνόντα
1129 4049 1174 4132 τῷ
1195 4046 1305 4130 πατρί,
1335 4047 1386 4110 καὶ
1409 4047 1452 4115 είς

283 4151 320 4208 x
338 4140 370 4210 ἐν
392 4140 478 4224 ἀγιον
499 4145 630 4225 πνεῦμα,
652 4142 704 4205 καὶ
724 4141 768 4210 εἰς
785 4142 957 4226 παρουσίαν
978 4141 1101 4212 ἔνδοξον
1124 4148 1178 4206 τοῦ
1200 4145 1268 4206 υίοῦ
1289 4147 1342 4206 τοῦ
1363 4143 1451 4219 θεοῦ,

336 4239 436 4322 σάρκα
457 4239 605 4325 λαβόντος
625 4239 679 4322 τὴν
703 4238 738 4302 ἐκ
755 4238 925 4322 παρθένου,
949 4246 1004 4304 τοῦ
1028 4240 1096 4304 ἀνθ’
1121 4241 1210 4324 ἡμῶν
1233 4239 1453 4324 ὑπομείναντος

335 4334 421 4420 πάθη
447 4337 501 4400 καὶ
526 4337 657 4401 θάνατον
686 4338 737 4400 καί
768 4337 914 4407 ἐλθόντος
939 4340 982 4408 είς
1001 4339 1164 4402 ἀνάστασιν
1187 4342 1225 4422 τη
1246 4337 1330 4422 τρίτη
1349 4335 1452 4422 ἡμέρη

335 4433 387 4495 καὶ
409 4433 645 4521 ἀναληφθέντος
665 4437 710 4504 εἰς
731 4435 896 4520 σῦρανοῦς,
917 4437 969 4500 καὶ
991 4437 1034 4505 εἰς
1054 4436 1107 4519 τὴν
1131 4434 1305 4520 μέλλουσαν
1328 4433 1451 4504 ἔνδοξον

336 4529 433 4593 αότοῦ
456 4532 645 4616 παρουσίαν,
670 4533 722 4596 καί
744 4532 789 4600 τίς
811 4533 880 4616 μίαν
904 4534 992 4617 ἁγίαν
1016 4533 1195 4618 ἐκκλησίαν,
1225 4531 1335 4618 ἀφεσιν
1355 4533 1450 4617 ἁμαρ-
