3517 5434
863 635 905 733 εύ
935 719 942 729 ,

330 838 524 922 κατορθώσει
556 841 707 923 νεώτερος
744 839 798 922 τῆν
836 839 908 902 ύδδν
948 839 1060 916 αύτούς
1103 840 1134 902 ἐν
1173 845 1217 925 τῷ
1247 840 1445 924 φυλάξασθαι

330 934 624 1018 τοδςλύγουςσου“.
663 936 790 1019 δύναμιν
813 936 849 1000 δὲ
866 942 921 1001 τού
944 937 1097 1021 μηδέποτε
1120 938 1342 1022 σφάλ[λ]εσθαι
1360 961 1444 1022 πορι-

331 1035 464 1117 σάμενος
483 1035 585 1118 ἑαυτῷ
604 1039 649 1119 τῷ
668 1034 809 1118 κρύπτειν
830 1035 884 1104 τὰς
904 1041 958 1099 τοῦ
979 1035 1076 1119 νόμου
1098 1037 1248 1120 μαθήσεις
1267 1035 1298 1098 ἐν
1320 1042 1360 1120 τῆ
1382 1037 1443 1098 δια-

329 1131 415 1215 νοίη,
438 1132 530 1216 φησὶν
554 1131 606 1208 ,ἐν
630 1138 669 1216 τῆ
691 1133 802 1216 καρδία
824 1155 883 1216 μου
908 1131 1027 1218 ἔκρυψα
1047 1133 1085 1196 τά
1104 1132 1192 1216 λύγιά
1212 1156 1280 1210 σου,
1303 1133 1387 1201 ὅπως
1408 1131 1443 1196 ἀν

330 1229 371 1312 μὴ
400 1230 528 1313 ἁμάρτω
554 1236 635 1309 σοι“,
664 1231 716 1292 καὶ
741 1231 824 1293 ούτω
852 1232 903 1319 τδν
929 1231 1023 1314 νόμον
1052 1229 1116 1293 ἀντὶ
1146 1235 1284 1316 φρουροῦ
1315 1231 1366 1293 καὶ
1388 1229 1477 1314 φύο

329 1327 423 1394 λακος
443 1324 592 1409 θέμενος,
623 1329 747 1412 συνήσει
775 1333 842 1396 πῶς
870 1329 998 1392 ἕκαστον
1019 1332 1079 1390 τῶν
1104 1327 1243 1390 εἰδώλων
1266 1333 1320 1411 τῆς
1337 1328 1445 1396 κακίας

329 1425 347 1486 ύ
378 1421 472 1505 νύμος
498 1425 683 1501 ἀπελαύνει,
716 1426 900 1490 ἀπελαύνων
931 1426 985 1510 μὲν
1015 1426 1068 1508 τὴν
1101 1425 1277 1509 ἀφροσύνην
1309 1424 1360 1488 διά
1389 1429 1443 1488 τού
1479 1481 1482 1486 .

330 1518 471 1601 λέγοντος
489 1521 667 1604 γράμματος
691 1524 752 1607 ,μὴ
773 1524 896 1605 γίνεσθε
919 1527 961 1592 ῶς
981 1521 1072 1591 ίππος
1092 1523 1143 1586 καί
1162 1523 1299 1606 ἡμίονος,
1327 1522 1373 1590 οίς
1388 1521 1444 1586 οὐκ

330 1615 393 1679 ἔστι
425 1617 574 1694 σύνεσις“,
608 1620 828 1704 ἐξοστρακίζων
859 1623 894 1685 δὲ
922 1623 975 1705 τὴν
1005 1622 1120 1684 δειλίαν
1151 1620 1201 1683 διὰ
1221 1625 1275 1684 τού
1302 1619 1444 1704 λέγοντος

329 1716 434 1798 λογίου
465 1719 527 1802 ,μὴ
557 1718 658 1803 φοβοῦ
688 1718 759 1781 ὅταν
782 1720 942 1803 πλουτήση
966 1718 1143 1804 ἄνθρωπος·
1176 1718 1217 1801 μὴ
1240 1720 1341 1803 φοβοῦ
1367 1719 1495 1787 &vet-10

329 1815 436 1897 δισμδν
457 1815 630 1899 ἀνθρώπων
652 1816 702 1878 καὶ
724 1820 768 1901 τῷ
790 1818 958 1902 φαυλισμηῖ
977 1818 1077 1880 αὐτῶν
1093 1816 1134 1900 μὴ
1149 1818 1240 1898 ῆττῶ.
1275 1815 1326 1878 καὶ
1341 1816 1443 1899 φοβοῶ

327 1911 379 1973 τὸν
400 1909 473 1973 θεδν
496 1913 547 1975 καὶ
569 1912 714 1998 ἰσχύσεις,
736 1914 815 1997 πλὴν
837 1913 933 1978 αύτοῶ
958 1915 998 1998 μὴ
1023 1915 1124 2000 φοβοῦ
1147 1912 1273 1976 ἅλλον“.
1303 1911 1443 1974 Ιἐνταῦθα
1474 1915 1476 1918 ’

327 2006 385 2090 γὰρ
414 2007 469 2090 τὴν
500 2011 615 2072 δειλίαν
641 2010 887 2095 ἀποσεισάμενος
912 2013 963 2074 καὶ
986 2013 1038 2096 τὴν
1063 2013 1169 2096 ῥώμην
1195 2009 1294 2076 ἐνθεὶς
1315 2008 1367 2071 καὶ
1389 2007 1442 2091 τὴν

328 2106 469 2188 ἀνδρείαν
491 2107 637 2194 ἐμβαλῶν
660 2109 719 2194 βοᾷ
741 2109 877 2186 ,δίκαιος
895 2111 938 2176 ῶς
949 2108 1028 2172 λέων
1051 2108 1210 2188 πέποιθεν,
1233 2107 1266 2175 ὃς
1283 2105 1320 2169 οὐ
1339 2105 1442 2192 φοβεῖ-

326 2227 377 2267 ται
406 2206 481 2268 ούδὲ
509 2208 743 2291 καταπτῆ[σ]σει
772 2211 912 2289 κτῆνος“.
955 2209 1006 2270 καὶ
1030 2207 1068 2270 τὰ
1092 2207 1147 2270 δύο
1172 2204 1239 2290 εἴδη
1262 2209 1315 2288 τῆς
1335 2203 1443 2272 κακίας
1461 2220 1494 2274 15

268 2321 276 2332 ’
328 2303 508 2386 ἀνηρηκώς,
537 2304 715 2389 ἀφροσύνην
737 2327 770 2367 τε
793 2305 843 2367 καὶ
867 2305 999 2382 δειλίαν,
1033 2309 1209 2389 συναναιρεῖ
1226 2303 1277 2366 καὶ
1298 2302 1351 2383 τὴν
1374 2301 1442 2364 ἀκο-

328 2401 447 2473 λασίαν,
471 2399 570 2484 λέγων
597 2403 654 2479 ,ού
676 2401 866 2486 πορνεύσεις,
892 2402 928 2465 ού
952 2403 1162 2488 μοιχεύσεις“·
1196 2400 1275 2464 ὅπου
1297 2399 1335 2463 τὰ
1357 2398 1442 2482 πάθη

327 2497 535 2575 συστέλλεται,
554 2503 681 2584 χαλινὸς
701 2500 906 2585 σωφροσύνης
925 2500 956 2562 ἐν
975 2504 1014 2583 τῆ
1034 2499 1154 2583 διανοίᾳ
1173 2498 1353 2582 εὑρίσκεται.
1392 2495 1443 2558 καὶ

326 2598 387 2657 τῶν
406 2600 496 2679 τριῶν
513 2598 782 2682 συνανηρημένων,
805 2597 928 2682 ἀναιρεῖ
947 2598 1070 2682 καλιὴν
1092 2598 1210 2660 ἀδικίαν
1236 2594 1293 2673 ,ού
1304 2596 1445 2678 ποιήσεις

328 2699 449 2780 σεαυτῷ
477 2694 610 2777 σταθμία
641 2696 732 2779 μικρὰ
759 2696 811 2758 καὶ
840 2697 976 2777 μεγάλα·
1011 2693 1143 2778 σταθμία
1175 2693 1277 2758 δίκαια
1307 2693 1360 2758 καὶ
1391 2691 1442 2756 ’ίσοι
1459 2709 1494 2762 20

327 2787 464 2855 ἔστωσάν
484 2801 564 2856 σοι“.
604 2794 655 2857 καὶ
674 2793 756 2856 ούτω
779 2797 839 2856 τῶν
861 2797 915 2875 τῆς
935 2793 1043 2861 κακίας
1065 2791 1267 2877 ἀνηρημένων
1280 2793 1299 2873 ῆ
1312 2791 1443 2874 πονηρία
1550 2817 1557 2830 ·

327 2887 471 2967 λέλυται,
504 2888 611 2973 μηκέτι
640 2890 828 2975 ἐμβατεῦσαι
857 2895 897 2974 τῆ
923 2891 1043 2974 διανοίη
1071 2888 1234 2973 δυναμένη.
1285 2892 1359 2952 ποῖα
1388 2887 1441 2950 ούν

325 2983 387 3068 ἤδη
402 2985 529 3055 ἀτοπίας
546 2987 602 3050 ούκ
619 2986 773 3071 ἀνῆρησεν
787 2989 804 3051 ύ
819 2987 928 3071 νύμοςς
952 2992 1027 3050 ποῖα
1042 2988 1119 3072 μέρη
1136 2988 1250 3071 ἡδονῆς
1264 2987 1300 3050 ού
1316 2985 1426 3049 λέλυκε
1433 2981 1445 3061 γ’

326 3083 416 3152 ποίας
440 3084 571 3159 δειλίας,
604 3085 695 3152 ποίας
720 3086 916 3170 ἀφροσύναςγ
950 3084 1007 3148 οὐκ
1035 3087 1084 3148 ἐπὶ
1112 3090 1256 3148 τοσοῦτον
1280 3082 1441 3166 ἐπεύῆλθε,

326 3180 378 3263 τὴν
406 3181 520 3265 ἡδονὴν
549 3183 699 3267 ἀναιρῶν,
732 3186 776 3251 ῶς
796 3184 848 3246 καὶ
869 3191 929 3247 τῶν
953 3185 1099 3268 ὀμμάτων
1123 3181 1369 3266 ἐπιμελῆσασθαι
1390 3181 1441 3244 καὶ
1458 3197 1493 3252 25

325 3282 378 3361 τῆς
400 3278 497 3362 ἀκοῆς
510 3280 552 3363 μὴ
568 3279 735 3364 φείσασθαι
752 3281 803 3342 καί
824 3285 878 3364 τῆς
897 3284 1040 3366 γλώσσης
1062 3281 1103 3365 μὴ
1125 3279 1314 3364 ἠμεληκέναι
1322 3303 1332 3356 3
1355 3278 1441 3357 ,ἐθέ-
1515 3353 1523 3370 ⁶

327 3399 386 3460 μην
412 3376 470 3462 γὰρ
498 3381 561 3446 τοῖς
587 3376 775 3464 ὀφθαλμοῖς·
788 3401 847 3462 μου
874 3381 1014 3464 φυλακὴν
1044 3382 1094 3442 καὶ
1122 3377 1158 3441 ού
1182 3378 1223 3462 μὴ
1246 3378 1369 3462 συνῆσω
1393 3377 1442 3440 ἐπὶ

325 3473 512 3558 παρθένον“.
547 3475 563 3538 δ
586 3473 672 3556 ἅγιος
691 3474 782 3560 μέχρι
801 3480 861 3539 τῶν
884 3477 1031 3560 ὀμμάτων
1054 3477 1174 3562 φθάνει,
1198 3475 1247 3540 ίνα
1270 3478 1312 3560 μὴ
1332 3499 1441 3562 γαργα·

327 3571 455 3643 λίζουσα
472 3574 525 3656 τἠν
547 3573 649 3657 ψυχὴν
669 3574 766 3656 ἡδονὴ
786 3574 830 3642 είς
848 3576 1010 3658 σκελισμδν
1035 3581 1089 3659 τῆς
1109 3574 1273 3658 ἐπιθυμίας
1290 3575 1440 3659 ἀναγάγη.

327 3668 432 3752 ἕτερος
451 3673 511 3732 τῶν
532 3670 627 3751 ἁγίων
651 3670 729 3756 ἐβόα
754 3672 816 3755 ,μὴ
838 3674 1025 3758 περιβλέπου
1048 3674 1162 3741 κάλλος
1176 3672 1370 3756 ἀλλύεριον“,
1393 3672 1442 3736 ἵνα
1458 3681 1494 3738 30

327 3767 369 3850 μὴ
397 3767 495 3849 ῆδονῆ
526 3768 606 3851 μηδὲ
633 3767 671 3830 τὰ
700 3766 843 3852 πρόθυρα
871 3774 925 3852 τῆς
955 3775 1056 3855 ψυχῆς
1082 3770 1223 3854 λαβοῦσα
1249 3769 1359 3832 ἐλπίδα
1388 3773 1442 3854 τῆς

326 3863 450 3928 είσύδυυ
474 3866 635 3950 λαμβάνη,
663 3855 815 3929 ἀλλὰκαὶ
837 3871 898 3929 τῶν
921 3856 1024 3951 θυρῶν
1047 3867 1241 3930 ἀπελαθεῖσα
1259 3866 1440 3944 ἀνέλπιστον

325 3964 378 4047 τὴν
412 3961 579 4046 ἐπιβουλὴν
611 3961 681 4046 ἔχη.
732 3964 859 4049 φθάνων
890 3964 925 4027 δὲ
957 3964 1006 4027 ἐπὶ
1035 3964 1089 4034 τὰς
1117 3963 1214 4033 ἀκοὰς
1240 3965 1291 4027 καὶ
1318 3964 1362 4033 είς
1388 3961 1442 4032 τὰς

325 4064 472 4144 γλώττας,
493 4058 650 4144 φρουρούς
662 4061 713 4123 καὶ
727 4061 868 4146 φύλακας
888 4063 940 4126 καὶ
959 4065 1023 4130 τοῖς
1040 4060 1163 4144 μέλεσιν
1182 4060 1328 4145 ἐπέθηκε,
1347 4059 1440 4124 τύπον

326 4157 403 4222 ἴδιον
427 4159 468 4242 μὴ
491 4157 610 4233 διδούς,
641 4158 710 4222 ἀλλ’
735 4156 813 4244 ἐβύα
836 4160 932 4237 ,θού,
954 4158 1055 4244 κύριε,
1084 4160 1223 4245 φυλακὴν
1246 4163 1290 4244 τῷ
1313 4158 1443 4243 στύματί
1457 4177 1491 4231 35

327 4264 420 4342 μου“,
448 4253 498 4317 ίνα
522 4255 743 4339 μηδὲάτοπος
769 4256 861 4341 λύγος
883 4257 956 4342 δίχα
977 4261 1031 4320 τοῦ
1058 4258 1218 4343 ὠφελίμου
1244 4257 1440 4341 προεξελθῶν

324 4355 439 4438 ἡδονῆς
462 4353 573 4438 δέλεαρ
594 4358 639 4440 τῷ
657 4354 696 4417 τὰ
718 4354 832 4440 αίσχρά
855 4353 1059 4440 φθεγγομένῳ
1079 4354 1256 4439 προξενίση.
1299 4355 1439 4439 ἐπιμελό-

327 4473 418 4535 μενος
444 4451 479 4514 δὲ
508 4451 560 4514 καὶ
582 4455 637 4535 τῆς
663 4452 797 4537 ὀσφύος,
826 4457 882 4517 τού
911 4453 952 4536 μὴ
983 4453 1046 4515 ῶδε
1073 4450 1163 4538 κάκεῖ
1189 4453 1362 4516 σεισθεῖσαν
1386 4455 1439 4540 τῆν

326 4549 462 4613 διάνοιαν
486 4547 614 4633 δεσμίαν
640 4548 727 4629 εἶναι,
749 4551 962 4636 προενοήσατο
983 4548 1232 4635 παραγγέλ[λ]ων
1258 4549 1359 4628 ,ούτω
1384 4553 1440 4639 φά-
