3517 5434
734 703 856 756 Praefatio
874 703 989 770 Vergicii.
1357 717 1391 760 lx

342 856 476 938 ἀπάτην
496 860 553 925 καὶ
574 862 736 943 μέριμναν
758 862 817 924 τοῦ
838 855 923 946 πρὸς
944 860 1009 925 τῶν
1031 861 1090 938 τῆς
1111 855 1190 938 ὕλης
1205 857 1395 947 ἀπομαραι·

341 972 482 1054 νομίνου
503 967 589 1047 νοός,
609 971 668 1034 καὶ
689 965 814 1035 τούτων
834 992 871 1053 γε
894 961 958 1048 ἤδη
981 965 1314 1056 ἀποκαθαιρομίνου,
1336 975 1393 1038 καὶ

338 1075 421 1167 πρὸς
443 1076 502 1144 τόν
524 1081 623 1146 θεῖον
645 1085 769 1146 ἐκεῖνον
796 1081 853 1144 καὶ
874 1076 1033 1166 πατρικὸν
1055 1083 1136 1148 νοῦν
1158 1078 1392 1160 ἀποκαθιστα-

338 1193 453 1273 μίνου,
474 1185 645 1256 ἅπτεσθαι
667 1188 829 1280 ἀσφαλῶς
849 1195 909 1271 τῆς
928 1188 1040 1258 αὐτῶν
1062 1193 1210 1278 θεωρίας
1231 1193 1287 1258 καὶ
1309 1187 1394 1276 γνῶ-

339 1321 428 1376 σεως.
480 1299 524 1376 ῶς
553 1291 614 1368 οῦν
641 1304 697 1367 καὶ
725 1299 745 1366 ὁ
772 1303 953 1378 θεσπέσιος
988 1293 1084 1380 οὗτος
1118 1305 1177 1381 τῆς
1205 1305 1393 1387 σωματικῆς

339 1409 462 1498 ἀχλῦος
484 1409 790 1498 ἀπαλλαττόμενος,
819 1415 874 1480 καὶ
897 1409 980 1500 πρὸς
1001 1408 1089 1502 ὕψος
1111 1415 1258 1499 θεωρίας
1279 1419 1394 1480 ἐπαιω-

338 1520 445 1608 ρήσας
465 1519 525 1589 τόν
546 1525 643 1601 νοῦν,
664 1525 722 1590 καὶ
743 1519 827 1600 ὅλως
847 1522 1047 1593 τούντεῦθεν
1069 1524 1191 1599 ἔνθους
1212 1520 1397 1608 γενόμενος,

339 1630 475 1721 ἀρχεται
496 1628 615 1700 ἑαυτὸν
637 1637 771 1720 ἐρωτᾶν,
793 1628 921 1713 δηλαδὴ
936 1629 996 1702 τὸν
1010 1629 1241 1722 Ποιμάνδρην,
1264 1629 1323 1702 τὸν
1338 1639 1394 1702 καὶ

340 1744 525 1822 ιιάθεντίας
545 1747 626 1811 νοῦν
646 1743 870 1830 καλούμενον,
897 1747 957 1812 τοῦ
978 1739 1039 1823 τὴν
1068 1741 1169 1834 φύσιν
1194 1745 1260 1810 τῶν
1289 1739 1395 1813 ὄντων

341 1859 478 1938 μαθεῖν,
499 1859 556 1922 καὶ
578 1857 702 1938 γνῶναι
722 1857 789 1920 τῶν
808 1850 943 1920 πάντων
965 1859 1093 1938 πατέρα
1115 1857 1222 1920 τεκαὶ
1238 1856 1394 1940 δημιουρ-

342 1960 404 2048 γὸν
425 1961 528 2032 θεόν·
550 1959 634 2050 πρὸς
656 1959 696 2029 δν
711 1969 832 2037 ἐκεῖνος
846 1958 1118 2047 ἀπαμειβόμενος,
1129 1964 1291 2029 δείκνυσιν
1306 1961 1394 2032 εὐσε-

343 2077 411 2159 βῶς
439 2078 495 2142 καὶ
522 2069 724 2159 διερμηνεάει
753 2075 822 2138 πᾶν
849 2070 890 2140 τὸ
918 2074 1093 2158 μεγαλεῖον
1122 2075 1180 2152 τῆς
1208 2076 1268 2140 τοῦ
1295 2076 1395 2140 θείου

341 2188 465 2273 σοφίας
485 2209 521 2250 τε
542 2187 599 2250 καὶ
620 2180 788 2269 δυνάμεως
809 2187 866 2250 καὶ
894 2187 954 2264 τῆς
982 2187 1105 2262 ἐκείνης
1132 2179 1311 2272 πανσόφου
1338 2189 1398 2250 καὶ·

339 2297 558 2382 προυοητικῆς
579 2291 782 2373 διοικήσεως·
812 2289 895 2362 ὥστε
924 2297 980 2364 καὶ
1006 2290 1267 2378 πυνθανόμενον
1289 2297 1394 2362 ταῦτα

339 2409 396 2472 καί
411 2408 648 2485 διανοηθέντα,
670 2401 916 2484 ἐκπλήττεσθαι
929 2407 986 2472 καὶ
1000 2407 1089 2490 βοῦν
1111 2453 1127 2484 ,,
1136 2401 1218 2485 δόξα
1232 2409 1278 2488 τῷ
1292 2409 1394 2492 πατρὶ

338 2521 395 2585 καὶ
423 2519 505 2600 θεῷ.
550 2512 644 2600 ἅγιος
672 2513 691 2580 ὁ
718 2512 803 2591 θεὸς
832 2515 851 2582 ὁ
880 2509 993 2606 πατήρ
1023 2519 1087 2584 τῶν
1118 2512 1212 2582 ὅλων.
1259 2512 1393 2600 ἅγιοςὸ

339 2623 422 2704 θεὸς
443 2618 484 2693 οὗ
504 2625 526 2706 ἡ
541 2623 647 2711 βουλὴ
669 2629 808 2694 τελεῖται
830 2623 897 2696 ἀπὸ
912 2629 978 2696 τῶν
992 2629 1083 2694 ίδίων
1098 2624 1277 2710 δυνάμεων.
1300 2624 1394 2712 ἅγιος

340 2736 359 2803 ὁ
373 2731 456 2814 θεὸς
471 2733 509 2814 ῦς
522 2740 721 2822 γνωσθῆναι
732 2734 887 2823 βούλεται
900 2741 956 2806 καὶ
969 2735 1194 2824 γινώσκεσθαι
1208 2749 1278 2816 τοῖς
1299 2741 1395 2816 ίδίοις

339 2851 405 2914 τῶν
426 2852 557 2933 ίργων.“
600 2852 657 2915 καὶ
677 2845 721 2914 τά
742 2848 816 2928 ἑξῆς
838 2853 899 2916 τοῦ
920 2847 1029 2933 λόγου.
1075 2849 1143 2918 εἶτα
1166 2846 1297 2928 διδάξαι
1319 2845 1394 2928 τοὺς

340 2955 460 3048 ἀλλους
481 2962 588 3024 ταῦτα
611 2956 822 3042 βουλόμενος,
843 2956 1010 3044 πρώτιστα
1032 2957 1165 3026 πάντων
1186 2969 1293 3043 τυχεῖν
1308 2957 1394 3044 εὔχε-

341 3093 397 3134 ται
418 3071 521 3143 θείας
542 3061 631 3144 τινός
653 3064 842 3157 ἐπινεῦσεως
863 3070 920 3136 καὶ
942 3064 1053 3153 ίσχῦος
1074 3070 1135 3134 τοῦ
1155 3070 1261 3134 ταῦτα
1276 3067 1395 3148 διεξελ-

340 3182 419 3245 θεῖν
446 3177 598 3279 ἀκριβῶς.
650 3174 755 3256 οῦτως
783 3178 815 3245 δ’
834 3173 932 3246 εὶπῶν
962 3183 1071 3266 τρέπει
1097 3174 1157 3246 τόν
1185 3174 1286 3263 λόγου
1312 3174 1395 3268 πρὸς

339 3284 400 3357 τάν
420 3286 629 3369 Ἀσκληπιόν,
650 3293 708 3357 καὶ
729 3287 802 3356 οἷον
824 3286 1085 3377 ἀποκρινόμενος
1112 3286 1190 3354 τοίδε
1220 3293 1304 3380 φησί
1332 3288 1395 3370 ,τὸ
1466 3280 1469 3288 ’

339 3403 440 3468 θεῖον
453 3394 547 3466 καθδ
562 3396 656 3479 θεός,
680 3391 898 3481 ὦΆσκληπιέ,
912 3396 1093 3484 ἀγίννητόν
1107 3406 1190 3467 ἐστι·
1214 3406 1242 3466 ελ
1256 3399 1288 3466 δ’
1299 3397 1395 3486 ἀγόν·
1435 3393 1444 3406 ’

340 3533 442 3591 νητον
468 3515 526 3576 καὶ
553 3510 793 3579 ἀνουσίαστον·
821 3505 860 3576 τὸ
884 3511 915 3576 δ’
935 3509 1157 3579 ἀνουσίαστον
1183 3507 1315 3590 ποίντως
1337 3511 1395 3580 οῦκ

341 3627 377 3687 εν
399 3618 560 3703 αἰσθήσει
585 3619 799 3707 περιληπτόν,
828 3617 1044 3706 ἀλλὰμόνου
1070 3618 1210 3702 νοητόν·
1238 3624 1336 3690 τοῦτο
1366 3623 1398 3687 δ’

343 3727 501 3810 ἀκίνητον
530 3728 570 3798 ἀν
595 3729 707 3800 πάνθ’
737 3731 795 3800 ὑπ’
820 3730 923 3798 αὐτοῦ
950 3741 1087 3802 κινεῖται
1114 3735 1170 3798 καὶ
1197 3742 1395 3818 προνοεῖται,

343 3837 441 3929 φύσει
471 3838 611 3925 ἀγαθὸν
639 3838 702 3908 όν“
729 3846 786 3908 καὶ
805 3837 849 3907 τά
878 3825 977 3908 λοιπά
1007 3847 1065 3926 τῆς
1094 3846 1303 3931 προγνωσίας
1330 3846 1396 3910 τῶν

342 3949 477 4019 πάντων
498 3955 555 4018 καί
577 3949 714 4042 φύσεως.
752 3955 863 4019 ἕπατα
884 3951 1137 4044 προτεινόμενος
1150 3949 1233 4041 πρὸς
1254 3949 1323 4020 Τάτ
1337 3948 1396 4020 τὸν

342 4058 518 4147 διάλογον,
539 4065 654 4150 πρῶτα
676 4067 737 4148 μὲν
759 4061 803 4140 ῶς
824 4058 921 4149 εῦχὴν
948 4065 1083 4132 ἐκτελῶν
1110 4062 1210 4134 πάλιν
1232 4068 1396 4156 φαίνεται,

344 4175 401 4237 καὶ
422 4171 496 4241 οἷον
519 4172 666 4260 ὲξυμνεῖν
687 4170 726 4241 τό
748 4177 848 4242 θεῖον
869 4177 972 4242 δοκεῖ·
996 4173 1065 4244 εἶτα
1079 4173 1258 4244 κάνταῦθα
1273 4171 1316 4244 τὰ
1337 4179 1395 4256 τῆς

343 4284 444 4360 θείας
473 4279 602 4372 φύσεως
630 4282 820 4365 ἐπιδεικνύς,
850 4283 932 4372 πρὸς
954 4284 1083 4364 τούτοις
1104 4311 1138 4354 τε
1161 4283 1324 4376 ἀριδήλως
1347 4287 1395 4352 δι-

345 4387 456 4460 δάσκει
476 4398 534 4462 καὶ
553 4391 614 4475 τὴν
642 4393 806 4467 ἐπάνοδον
835 4401 900 4468 τῶν
923 4401 1050 4486 ψυχῶν,
1064 4435 1066 4438 ·
1079 4399 1326 4483 βαπτιζομένων
1343 4403 1394 4478 ,είς
