3517 5434
403 684 454 738 no
804 685 872 756 Περὶ
890 685 936 737 κού
955 687 1052 738 κοινοῦ.
1343 707 1395 759 cap.
1416 690 1457 744 12.

401 842 457 905 καὶ
486 835 655 923 στάσιμος.
699 839 768 915 πῶς
788 835 855 924 γὰρ
876 837 937 904 οὐκ
960 833 1002 906 oio
1023 842 1154 923 γελοῖον
1177 842 1226 921 τίη
1250 840 1309 923 τὴν
1331 842 1458 935 τροφὸν

400 946 533 1016 πάντων
562 947 719 1030 ἀκίνητον
747 947 845 1028 εἶναι,
873 945 936 1030 τὴν
966 945 1119 1040 φύουσαν
1140 955 1196 1017 καὶ
1225 956 1394 1036 γεννῶσαν
1415 951 1458 1020 τὰ

401 1056 529 1142 πάντας
558 1056 724 1126 ἀδύνατον
752 1055 819 1148 γὰρ
836 1063 938 1150 χωρὶς
959 1057 1122 1142 κινήσεως
1138 1059 1234 1151 φύειν
1261 1088 1293 1130 τι
1314 1059 1373 1130 τὸν
1394 1062 1491 1155 qni-3

402 1196 500 1239 οντα.
530 1167 743 1255 γελοιότατον
765 1173 799 1237 δὲ
821 1168 966 1251 ἐπύθου,
989 1178 1016 1238 εί
1039 1169 1077 1240 τύ
1093 1178 1257 1262 τέταρτον
1277 1179 1376 1263 μέρος
1397 1173 1457 1262 ἆρ-

402 1278 466 1367 γύν
487 1285 588 1349 ἔσται.
626 1280 720 1348 οὐδὲν
741 1278 806 1369 γὰρ
827 1289 939 1372 ἕτερον
954 1287 1107 1368 σημαίνει
1128 1280 1167 1352 τὸ
1189 1284 1346 1366 ἀκίνητον
1361 1287 1456 1371 σῶμα

342 1401 383 1470 18
405 1390 427 1475 ι’]
450 1393 581 1483 ἀργίαν.
625 1396 694 1460 πᾶν
716 1401 827 1460 τοίνυν
848 1392 926 1460 loric
946 1395 1144 1474 καθολικῶς,
1166 1387 1193 1460 ὦ
1213 1402 1336 1476 τέκνον,
1357 1392 1396 1462 τύ
1418 1392 1490 1463 loa

401 1513 440 1574 ἐν
459 1503 573 1592 κόσμῳ
601 1501 793 1589 κινούμενον
815 1499 838 1584 ι’]
860 1501 947 1570 κατὰ
975 1507 1111 1590 μείωσιν
1133 1502 1154 1587 ι’]
1177 1502 1329 1588 αὔξησιν·
1360 1503 1398 1573 τύ
1421 1509 1455 1573 δὲ

404 1614 597 1702 κινούμενον
618 1616 674 1681 καὶ
696 1615 742 1705 ζῇ,
765 1609 803 1680 τὸ
827 1616 861 1681 δὲ
884 1616 968 1695 ζῶον
989 1619 1058 1684 πᾶν
1080 1614 1139 1684 aim
1160 1615 1288 1702 ἀνάγκη
1310 1615 1350 1683 τὸ
1373 1614 1455 1686 αὐτὸ

399 1843 521 1918 τέκνον,
544 1839 630 1916 ἐστί,
650 1832 693 1903 τύ
715 1838 751 1903 δὲ
772 1842 855 1926 μέρη
878 1836 982 1904 αὐτοῦ
1002 1835 1113 1907 πάντα
1134 1837 1338 1928 μεταβλητοί·
1362 1839 1456 1908 οὐδὲν

398 1951 433 2016 δὲ
456 1944 618 2040 φθαρτὸν
639 1944 662 2030 ι]
684 1946 927 2035 ἀπολλύμενον·
951 1953 987 2016 αἱ
1009 1952 1043 2016 δὲ
1057 1956 1280 2042 προσηγορίαι
1301 1948 1377 2028 τούς
1400 1950 1456 2018 ἀν-

397 2057 557 2149 θρώπους
578 2057 806 2149 ταράττουσιν.
849 2053 974 2147 ούγοίρ
997 2059 1019 2140 ἡ
1042 2066 1169 2145 γένεσίς
1184 2069 1261 2131 ,ἐστι
1282 2059 1360 2147 ζωή,
1382 2061 1457 2130 ἀλλ’
1473 2077 1506 2130 12

397 2170 419 2253 ι]
447 2171 624 2253 α’ίσθησις·
658 2169 734 2237 οὐδὲ
761 2168 783 2250 ἡ
813 2165 982 2255 μεταβολὴ
1013 2170 1188 2251 θάνατος,’
1222 2169 1324 2239 ἀλλὰ·
1347 2171 1452 2254 λήθη.

397 2279 523 2350 τούτοιν
544 2286 659 2348 τοίνυν
680 2277 783 2355 ούτως
806 2276 949 2364 ἐχόντων
971 2278 1136 2348 ἀθάνατα
1151 2279 1270 2360 πάντα,
1292 2280 1314 2360 ἡ
1336 2279 1407 2361 itta,
1429 2281 1452 2362 ι]

397 2390 476 2475 ζωή,
504 2387 542 2459 τὰ
565 2393 708 2474 πνεῦμα,
731 2388 750 2454 ι
773 2392 864 2464 νιος,
887 2387 908 2465 ἡ
931 2385 1030 2474 ψυχή,
1052 2389 1088 2469 εξ
1109 2383 1155 2456 ιι
1178 2392 1246 2457 ιιι
1268 2391 1352 2470 ζειν
1375 2412 1452 2459 avv-
1470 2409 1503 2462 15

332 2502 373 2572 19
396 2508 517 2584 ίστηκε.
562 2503 631 2566 πᾶν
653 2495 721 2584 ἄρα
743 2499 826 2577 ζῶον
849 2493 1028 2566 ἀθάνατον
1050 2495 1106 2564 διὰ
1128 2495 1187 2568 τὸν
1208 2503 1296 2582 νοῦν,
1318 2499 1453 2578 πάντων

396 2617 431 2681 δὲ
452 2611 601 2699 μοίίιστα
623 2608 643 2674 ὁ
666 2603 863 2694 ἄνθρωπος,
893 2607 990 2675 ὁκαὶ
1018 2613 1081 2676 τοῦ
1108 2613 1196 2678 θεοῦ
1225 2609 1369 2692 δεκτικὸς
1396 2619 1451 2680 καὶ
1524 2692 1526 2696 ,

465 2845 488 2897 l.
507 2847 627 2915 στασίμιγ
643 2843 675 2896 Β.
695 2840 709 2912 Ι]
765 2840 830 2914 γὰρ]
848 2838 884 2894 aio
901 2843 933 2906 B,
951 2863 1002 2896 om.
1020 2845 1120 2914 reliqui.
1214 2846 1239 2898 2.
1258 2837 1335 2912 εἶναι]
1354 2839 1400 2902 σύν
1418 2852 1449 2900 Α.

363 2979 370 2990 ,
464 2932 489 2986 ³.
508 2928 594 3000 φύειν]
613 2931 712 3001 φυῆναι
728 2931 761 2993 Δ,
780 2928 866 2998 φύσιν
883 2929 913 2979 Β.
986 2929 1011 2983 4.
1030 2929 1195 3002 γελοιότερον
1215 2934 1244 2984 Α,
1315 2933 1342 2984 5.
1362 2931 1449 3004 σῶμα]

465 3015 553 3089 ὄνομα
570 3016 636 3069 Patr.
708 3013 734 3067 9.
754 3014 795 3067 10.
814 3009 834 3068 ai
852 3020 942 3070 τέκνον
960 3036 1010 3070 om.
1033 3019 1061 3070 Α.
1131 3016 1172 3073 15.
1192 3007 1398 3083 oio1sicFlusa.,
1418 3015 1450 3073 ού

463 3103 562 3174 reliqui.
619 3101 660 3155 16.
679 3102 725 3154 δια
742 3101 789 3154 τὸν
807 3096 886 3169 νοῦν]
904 3102 939 3154 εἰσ
959 3103 1033 3167 Patr„
1051 3097 1083 3155 δι’
1104 3097 1189 3155 αύτύν
1207 3103 1306 3173 reliqui.
1344 3104 1449 3173 17.μοἰ-

466 3187 555 3254 λιστα]
574 3188 609 3240 sic
627 3188 703 3251 Pam,
721 3187 822 3256 μᾶλλον
841 3186 940 3256 reliqui.

393 3389 474 3446 morlo
491 3404 546 3444 non
564 3397 638 3444 eaaet
654 3385 807 3452 ridiculum,
826 3385 958 3439 nutrirem
977 3387 1093 3442 onmium
1112 3387 1274 3444 immobilem
1291 3407 1360 3456 aare,
1380 3405 1448 3462 qaae

391 3474 496 3554 profert
514 3485 542 3530 et
559 3475 643 3550 gignit
660 3471 766 3527 omnia?
791 3467 962 3544 impossibile
984 3480 1027 3526 est
1049 3473 1119 3528 anim
1137 3475 1196 3530 aine
1213 3481 1286 3528 motu
1303 3471 1448 3548 prodacto·

393 3582 449 3618 ram
468 3559 570 3637 aliquid
587 3557 751 3636 producera;
767 3552 907 3610 ridiculam
920 3573 984 3612 anne
1000 3577 1057 3614 rem
1074 3559 1254 3634 interrogasti,
1273 3577 1336 3614 nam
1353 3568 1447 3634 quarta

392 3669 457 3726 para
470 3651 557 3704 otioaa
570 3646 657 3701 lutura
671 3652 751 3698 eaaet.
778 3638 846 3695 nihil
863 3642 933 3696 enim
951 3641 1024 3700 aliud
1043 3663 1141 3718 corpus
1154 3643 1289 3700 immobile
1305 3643 1446 3719 significat,

392 3737 446 3789 nisi
464 3736 557 3788 otium.
593 3732 663 3785 acito
683 3747 759 3802 ergo,
783 3726 871 3794 ofili,
895 3729 1106 3797 inunitatem,
1129 3750 1186 3798 ana,
1210 3731 1283 3808 quod
1300 3734 1329 3787 iu
1346 3731 1446 3788 mundo

392 3819 437 3885 fia,
461 3817 564 3872 moveri
585 3814 631 3870 vel
652 3832 703 3890 par
723 3812 932 3871 deminutionem
950 3815 991 3871 val
1014 3837 1064 3892 per
1086 3827 1266 3893 angmentum
1290 3819 1363 3895 quod
1381 3837 1445 3875 vero

392 3913 515 3960 movetur
532 3902 611 3956 etiam
628 3900 704 3969 vivit,
722 3919 800 3956 omne
817 3909 906 3958 autam
923 3901 1019 3958 animal
1037 3923 1091 3960 non
1108 3923 1220 3960 necesse
1239 3914 1282 3960 eat
1293 3905 1363 3960 idem
1374 3921 1445 3958 aaaa.

391 4009 451 4045 nam
469 4007 529 4044 cum
546 3985 625 4042 simul
643 3988 680 4042 ait
697 3988 839 4044 uuivaraua
856 3986 981 4055 mundae,
998 3989 1171 4046 inmutabilia
1189 3999 1241 4058 eat,
1258 3989 1336 4054 ofili,
1353 3996 1445 4064 partes

390 4093 456 4130 vero
474 4075 532 4130 eiua
550 4091 643 4130 omnaa
660 4073 815 4141 mutabilem
833 4071 901 4128 nihil
920 4075 1097 4152 corruptibile
1115 4086 1157 4131 eat
1172 4085 1218 4132 aut
1229 4075 1314 4150 perit3
1332 4071 1381 4128 aad
1398 4093 1445 4150 ap·

390 4157 549 4237 pellationea
571 4160 730 4238 perturbant
751 4159 882 4216 homiuea.
923 4179 978 4218 nou
1001 4164 1071 4216 enim
1088 4163 1224 4236 generatio
1243 4168 1286 4214 aot
1303 4160 1371 4227 vita,
1394 4159 1444 4216 aad

390 4264 499 4315 aenaua;
522 4266 608 4322 neque
625 4249 737 4303 mutatio
755 4247 880 4302 interitus
899 4255 955 4315 eat,
979 4245 1028 4302 aad
1047 4245 1197 4301 occultatio.
1234 4243 1278 4300 his
1296 4247 1333 4301 ita
1351 4265 1381 4302 ae
1398 4245 1445 4301 ha·

389 4331 515 4388 bentibua
534 4333 694 4389 immortalia
705 4333 800 4399 omnia,
818 4332 937 4397 materia,
949 4332 1013 4398 vita,
1025 4331 1146 4406 spiritua,
1163 4351 1248 4401 mona,
1261 4333 1355 4401 anima,
1372 4333 1444 4389 unde

390 4437 468 4476 omne
485 4419 581 4476 animal
599 4429 642 4476 eat
653 4419 836 4475 conatitutam.
868 4435 946 4473 omno
959 4435 1023 4492 orgo
1041 4415 1299 4476 animalimmortale
1311 4439 1360 4496 per
1371 4437 1442 4475 men·
