3517 5434
381 726 417 780 86
767 726 843 785 Νοῦς
860 725 928 797 πρὸς
942 723 1050 797 Ἑρμῆν.
1324 747 1378 798 περ.
1400 729 1440 782 ll.

383 883 419 947 δὲ
450 880 569 956 αἰῶνος
590 877 612 960 ἡ
634 874 810 959 ταυτότης,
838 882 898 946 τοῦ
928 881 963 946 δὲ
990 876 1117 965 κόσμου
1139 877 1160 959 ἡ
1183 875 1289 961 τάξις,
1318 885 1378 948 τοῦ
1406 885 1441 950 δὲ

380 987 503 1079 χρόνον
524 989 545 1070 ἡ
568 985 752 1076 μεταβολή,
779 994 839 1071 τῆς
867 992 902 1056 δὲ
930 987 1125 1076 χενίσεωςὴ
1153 987 1218 1070 ζωὴ
1249 991 1346 1058 καὶὸ
1370 990 1441 1060 θό-

383 1127 493 1179 νατος.
546 1107 703 1189 ἐνέργειαι
731 1102 765 1166 δὲ
792 1105 851 1167 τοῦ
880 1103 968 1166 θεοῦ
995 1105 1072 1178 νοῦς
1100 1103 1156 1167 καὶ
1183 1097 1289 1191 ψυχή,
1317 1108 1376 1170 τοῦ
1404 1107 1473 1171 δὲ3

383 1215 504 1290 αἰῶνος
531 1209 675 1298 διαμονή
703 1215 759 1278 καὶ
788 1209 982 1290 ἀθανασία,
1010 1214 1070 1278 τοῦ
1099 1213 1135 1278 δὲ
1162 1209 1289 1298 κόσμον
1312 1201 1439 1280 ἀποκό-

381 1321 542 1401 σόστασις
563 1326 620 1388 καὶ
642 1319 988 1402 όνταποκατόστασις,
1016 1325 1077 1389 τοῦ
1098 1325 1132 1388 δὲ
1152 1320 1276 1410 χρόνον
1304 1320 1438 1405 αὔξησις

380 1437 437 1500 καὶ
458 1438 599 1519 μείωσις,
620 1437 680 1514 τῆς
702 1435 736 1499 δὲ
757 1437 911 1518 γενέσεως
932 1429 1077 1513 ποιότης.
1115 1431 1133 1498 6
1158 1425 1217 1500 οῦν
1239 1431 1321 1500 αίών
1335 1442 1370 1500 ἐν
1390 1439 1471 1520 τοῦθ

381 1547 464 1627 θεοῦ,
486 1544 505 1612 6
529 1548 564 1611 dd
579 1542 705 1630 κόσμος
726 1550 762 1611 ἐν
783 1548 829 1628 τῷ
849 1549 953 1638 αίῶνι,
976 1543 1044 1611 tut
1057 1541 1178 1631 χρόνος
1201 1550 1237 1610 ἐν
1256 1549 1303 1628 τοῦ
1315 1543 1437 1631 κόσμῳ,

243 1651 246 1657 ’
381 1654 403 1735 ἡ
427 1657 462 1720 δὲ
484 1661 607 1741 γένεσις
629 1661 665 1722 ἐν
686 1658 733 1738 τῷ
752 1651 871 1742 χρόνῳ.
916 1653 1014 1721 καὶὸ
1037 1658 1097 1740 μὲν
1119 1651 1200 1722 αίών
1229 1662 1338 1736 ἕστηκε
1361 1660 1435 1741 περὶ

322 1749 325 1753 ’
380 1760 442 1832 τὸν
464 1769 558 1847 θεον,
581 1791 601 1833 ο
623 1769 658 1832 de
679 1789 804 1852 κοσμος
825 1777 961 1833 κινεῖται
984 1772 1019 1832 ὲν
1041 1768 1087 1850 τῷ
1109 1768 1211 1845 αίῶνι,
1234 1764 1302 1832 ὁδε
1314 1764 1435 1854 χρόνος
1453 1781 1469 1832 9

379 1880 574 1964 περαιοῦται
608 1883 643 1944 ἐν
670 1880 717 1961 τῷ
745 1873 871 1962 κόσμῳ,
907 1876 930 1958 ἡ
959 1879 993 1942 δὲ
1022 1881 1147 1962 γένεσις
1173 1880 1298 1961 γίνεται
1326 1884 1362 1943 ἐν
1388 1879 1436 1962 τοῦ

334 1985 494 2074 3χρόνῳ.
538 1984 627 2072 πηχὴ
649 1990 709 2073 μὲν
731 1979 947 2054 οὖνπάντων
970 1987 988 2053 6
1012 1987 1104 2068 θεός,
1128 1985 1281 2054 οὐσίαὸὲ
1304 1988 1322 2055 6
1346 1987 1434 2070 αίών,
1518 1977 1520 1982 ’

377 2095 440 2178 ὕλη
464 2101 499 2164 δὲ
521 2099 539 2165 6
562 2096 703 2181 κόσμος·
726 2094 865 2185 ὁόναμις
888 2100 923 2166 dd
944 2103 1005 2164 τοῦ
1026 2101 1114 2165 θεοῦ
1136 2097 1260 2178 όαίόν,
1282 2103 1379 2188 ἔργον
1399 2104 1433 2166 δὲ
1452 2113 1486 2164 12

377 2209 580 2286 τοῦάίῶνος
602 2207 620 2274 6
643 2205 783 2293 κόσμος,
808 2206 985 2295 γενόμενος
1013 2205 1131 2277 οὔποτε
1152 2213 1209 2276 καὶ
1230 2209 1281 2275 ἀεὶ
1302 2209 1434 2296 χινόμε·

378 2341 437 2394 νος
458 2315 522 2384 ὑπό
551 2321 611 2384 τοῦ
638 2323 772 2395 αἰῶνος·
801 2315 852 2384 διό
883 2319 957 2387 οὐδὲ
985 2318 1202 2413 φθαρήσεταί
1227 2344 1321 2400 ποτε,
1351 2317 1433 2388 aide

378 2425 443 2514 γὰρ
466 2424 659 2520 ἄφθαρτος,
682 2427 758 2495 οὐδὲ
779 2428 954 2497 ἀπολεῖταί
974 2457 1006 2498 τι
1028 2437 1093 2500 τῶν
1115 2439 1149 2498 εν
1169 2433 1215 2517 τῷ
1229 2429 1350 2520 κόσμῳ,
1372 2436 1433 2500 τοῦ
1451 2449 1484 2500 15

377 2536 503 2623 κόσμον
523 2536 587 2606 ὑπό
610 2544 670 2607 τοῦ
693 2544 813 2639 αἰῶνος
834 2547 1112 2631 ἐμπεριεχομένου.

449 2647 595 2736 Ἑρμῆς.
634 2649 672 2718 Ἡ
697 2653 732 2718 δὲ
753 2655 813 2720 τοῦ
835 2655 922 2720 θεοῦ
945 2659 1050 2746 σοφία
1072 2657 1121 2732 τίς
1144 2659 1229 2737 ἐστις

444 2763 567 2839 Νοῦς.
607 2758 653 2829 Τό
682 2758 822 2848 ἀγαθόν
849 2767 906 2831 καὶ
933 2761 971 2832 τό
993 2760 1096 2832 καλὸν
1118 2767 1174 2832 καὶ
1196 2763 1216 2844 ἡ
1240 2762 1430 2850 εὐδαιμονία
1449 2779 1483 2832 18

445 3012 472 3066 3.
490 3017 604 3087 ὲνίρχεια
622 3017 668 3069 ΑΒ
687 3019 754 3071 Patr.
826 3015 1161 3090 13.14.χειόμενοςΑΒ.
1246 3016 1430 3071 17.18.1em-

446 3114 513 3154 mate
527 3100 622 3173 Ἑρμῆς
640 3117 664 3155 et
680 3102 755 3170 Νοῦς
771 3106 908 3162 secondum
927 3103 1011 3158 Ficini
1029 3105 1168 3158 versionem
1186 3104 1280 3158 addidi.

374 3327 426 3392 tie,
443 3326 536 3380 aeonis
554 3324 689 3393 identitas,
706 3326 800 3382 mundi
818 3336 906 3382 eutem
925 3328 1002 3396 ordo,
1021 3329 1150 3404 temporis
1168 3345 1231 3380 vero
1248 3327 1367 3390 mutatio,
1386 3343 1430 3396 ge·

374 3412 523 3466 uenationis
545 3420 632 3466 entem
655 3412 710 3465 vite
733 3421 761 3465 et
782 3430 862 3466 more.
903 3424 979 3470 aetus
1002 3413 1045 3469 dei
1068 3430 1143 3466 mens
1166 3418 1193 3463 et
1215 3409 1313 3473 anima,
1337 3409 1428 3464 aeonis

372 3498 556 3573 permanentia
575 3506 602 3551 ei
619 3495 817 3563 ῑῐῦῐῦθῐῐᾶίίῑῡθ,
835 3497 929 3558 mundi
946 3498 1082 3556 restitutio
1101 3504 1128 3548 et
1146 3492 1307 3558 destructio,
1326 3501 1428 3569 tempo-

374 3584 414 3638 rie
432 3585 549 3638 recretio
568 3592 595 3637 et
613 3580 746 3645 decretio,
768 3585 948 3654 generationis
967 3580 1088 3656 qualitas.
1125 3595 1219 3631 aevum
1239 3595 1301 3650 ergo
1320 3579 1348 3632 in
1367 3579 1427 3647 deo,

374 3669 490 3725 mundus
509 3671 536 3722 in
555 3687 633 3733 aevo,
652 3675 758 3741 tempus
776 3669 804 3722 in
822 3670 935 3734 mondo,
958 3662 1094 3738 generatio
1118 3661 1145 3714 in
1169 3670 1296 3739 tempore.
1334 3685 1428 3721 aevum

377 3753 485 3827 quidem
509 3761 563 3805 etet
586 3753 656 3804 eirea
679 3749 771 3819 deum,
793 3755 907 3810 mondus
930 3757 1017 3804 autem
1034 3755 1158 3802 movetur
1175 3749 1203 3804 in
1221 3769 1298 3818 aevo,
1320 3759 1427 3828 tempus

373 3838 531 3893 terminatur
542 3836 570 3888 in
582 3833 691 3902 mundo,
709 3842 844 3911 generatio
856 3839 888 3892 tit
900 3838 927 3888 in
939 3841 1068 3906 tempore.
1103 3830 1164 3889 ione
1184 3835 1291 3916 quidem
1310 3840 1427 3892 omnium

373 3923 450 3989 deur,
469 3920 585 3975 essentie
602 3937 665 3974 vero
683 3941 790 3991 aevum,
809 3920 917 3977 materie
935 3925 1022 3972 autem
1039 3917 1167 3987 mundur3
1185 3924 1304 3996 potentin
1323 3921 1366 3976 dei
1384 3939 1427 3972 ee·

372 4027 447 4073 enm,
471 4024 540 4081 opor
563 4007 621 4061 aevi
644 4007 773 4075 mundus,
794 4025 849 4062 non
872 4001 1014 4076 aliquando
1038 4004 1087 4060 sed
1110 4024 1216 4083 semper
1233 4015 1373 4081 generatus
1392 4004 1425 4058 ab

373 4111 454 4156 eevo;
477 4090 538 4147 ideo
557 4112 643 4168 neque
660 4100 846 4166 corrumpetur
862 4107 990 4162 unquam,
1008 4109 1099 4147 nevum
1118 4102 1159 4148 ert
1178 4095 1247 4148 enim
1266 4090 1427 4168 incorrupti·

373 4176 443 4244 bile,
465 4195 552 4252 neque
574 4177 703 4262 perdetur
725 4173 868 4251 quidquam
887 4193 991 4243 eornm,
1015 4197 1083 4253 quae
1101 4179 1129 4233 in
1147 4175 1247 4232 mundo
1266 4183 1343 4244 eunt,
1365 4195 1425 4232 cum

373 4262 488 4324 mundus
507 4263 539 4320 ab
558 4283 625 4321 nero
643 4263 819 4319 eontinentur.

426 4348 569 4408 Hermes.
596 4350 650 4406 Dei
668 4363 734 4401 vero
753 4345 883 4421 rapientia
902 4367 1029 4424 quaenam
1048 4348 1107 4403 eet?

428 4433 525 4499 dieue.
554 4438 659 4493 Bonum
677 4439 704 4486 et
720 4429 863 4510 pulchrum
881 4443 910 4490 et
927 4432 1065 4491 beatitudo
1084 4441 1111 4489 et
1130 4433 1216 4490 omnis
1235 4435 1320 4492 virtue
1340 4443 1367 4488 et
1385 4451 1426 4488 ne·
