3517 5434
376 707 429 748 xlv
769 693 892 746 Praelatio
910 693 1036 746 Fiussatis.

375 873 414 916 ac
436 850 558 914 Divina
584 847 797 934 scripserunt,
826 847 925 914 verba
954 847 1107 913 sumenda
1134 849 1235 917 fuere:
1265 859 1302 916 ut
1329 875 1424 936 quam

377 969 526 1027 accurate
547 960 659 1027 liceret
680 959 823 1024 authoris
846 967 1036 1045 conceptum
1051 959 1156 1026 verbis
1178 984 1425 1048 assequeremur.
1470 1033 1471 1036 ,

376 1096 450 1138 nam
473 1073 653 1137 divinarum
673 1093 780 1136 rerum
802 1078 835 1135 et
855 1069 1077 1157 philosophiae
1100 1081 1261 1158 expertes,
1292 1076 1346 1160 qui
1366 1075 1426 1140 lin-

375 1207 458 1272 guae
484 1183 601 1249 latinae
629 1181 805 1270 primordia
832 1189 1094 1265 construxerunt,
1124 1187 1273 1270 propriae
1298 1185 1430 1273 linguae·

375 1295 508 1360 vocibus
536 1295 648 1381 ignota
677 1295 819 1380 proferre
847 1317 911 1358 non
928 1281 1097 1380 poterant.
1143 1317 1162 1358 a
1192 1293 1326 1364 Graecis
1352 1295 1425 1362 ideo

375 1408 431 1490 qui
459 1415 491 1470 et
519 1387 741 1492 philosophiae
769 1413 803 1470 et
829 1405 993 1492 religionis
1020 1406 1141 1470 nullum
1167 1428 1231 1470 non
1258 1416 1426 1474 moverunt

374 1517 530 1603 lapidem,
552 1516 727 1602 peculiaria
748 1517 953 1600 quamplura
975 1517 1074 1583 verba
1095 1518 1264 1582 commodo
1285 1519 1425 1604 suscepi-

374 1648 460 1710 mus,
489 1651 509 1692 a
535 1626 642 1695 latinis
670 1627 856 1693 authoribus
885 1627 960 1693 hinc
988 1627 1063 1694 inde
1089 1635 1129 1692 'ac
1155 1637 1317 1712 utcunque
1344 1638 1424 1694 sata.

375 1747 449 1803 ante
476 1761 534 1803 nos
563 1738 731 1805 Marcilius
759 1738 907 1821 licinus,
940 1739 990 1802 vir
1019 1760 1083 1803 non
1111 1737 1264 1808 mediocri
1293 1739 1426 1804 scientia

373 1849 555 1937 praeditus,
577 1850 740 1934 antiquam
762 1849 847 1914 hanc
868 1870 1018 1936 graecam
1040 1850 1216 1916 versionem
1238 1851 1272 1915 in
1288 1851 1425 1916 ‘latinam

373 1963 459 2027 velut
479 1962 530 2028 sui
543 1961 662 2029 laboris
677 1961 791 2028 novale
813 1961 992 2026 transtulit:
1015 1960 1100 2032 hunc
1123 1969 1277 2046 sequutus
1293 1959 1426 2028 Gabriel

370 2073 538 2138 Prateolus
566 2074 600 2136 in
625 2081 770 2137 nostrum
797 2070 967 2137 Gallorum
994 2070 1115 2136 idioma
1137 2073 1312 2156 convertit,
1334 2075 1424 2140 nulla

372 2169 630 2267 interpretandae
658 2182 705 2245 rei
733 2181 946 2244 sollicitudine
974 2180 1080 2261 ducti,
1114 2201 1152 2244 ac
1187 2191 1357 2266 eapropter
1385 2185 1426 2248 ab

373 2291 518 2356 authoris.
530 2290 688 2356 sententia
709 2288 844 2355 subinde
863 2289 1062 2375 divagantes.
1101 2297 1134 2353 et
1146 2289 1223 2353 licet
1237 2292 1426 2378 Aegiptium

372 2427 438 2469 non
460 2410 586 2468 constet
607 2401 778 2487 exemplar,
801 2397 964 2466 Graecum
986 2409 1093 2464 tamen
1114 2398 1208 2465 huius
1229 2401 1423 2472 Pimsndrae

374 2539 394 2580 a
407 2513 600 2602 peritissimo
616 2513 767 2599 quopiam
783 2513 915 2596 antiquo
930 2510 1119 2576 translatum
1135 2533 1203 2576 esse
1221 2511 1330 2597 liquet,
1352 2537 1425 2578 cum

373 2626 524 2691 dictionis
538 2632 715 2706 venustate,
736 2631 806 2688 tum
827 2619 1016 2687 admiranda
1031 2621 1199 2688 verborum
1218 2621 1366 2712 ἐμφάσει,
1387 2625 1422 2688 in

373 2734 580 2801 enunciandis
606 2742 716 2799 tantae
737 2733 959 2820 philosophiae
989 2734 1143 2800 secretis·
1174 2734 1306 2800 Ficinus
1334 2759 1424 2800 nam-

374 2870 435 2933 que
456 2846 543 2910 huuc
563 2845 663 2910 latino
678 2845 811 2929 donans,
833 2869 892 2911 sua
912 2845 1059 2929 liminari,
1082 2847 1217 2930 quavis
1239 2845 1279 2911 de
1294 2843 1438 2927 Graeca

373 2955 518 3025 rersione
540 2957 747 3041 intellexerit,
770 2957 896 3023 silentio
914 2957 1154 3043 praetermittit.
1199 2957 1237 3022 id
1254 2979 1353 3022 unum
1375 2965 1425 3022 ta-

372 3093 447 3135 men
462 3069 605 3153 effuudit,
626 3069 826 3135 Mercurium
847 3091 962 3154 nempe
982 3069 1083 3134 literis
1104 3069 1266 3155 Aegiptiis
1287 3069 1424 3154 primum

374 3161 528 3265 edidisse,
560 3164 759 3273 eundemque
780 3203 916 3268 graecae
937 3181 1065 3266 linguae
1087 3179 1241 3262 peritum,
1270 3181 1425 3244 translato

371 3293 531 3359 volumine
558 3292 786 3374 Aegiptiorum
818 3290 972 3373 mysteria
1000 3287 1137 3352 Graecis
1165 3288 1424 3352 communicasse.

373 3401 462 3486 quod
488 3399 639 3464 habuisse
667 3398 830 3463 videretur
849 3419 879 3460 a
907 3395 1055 3481 religioso
1087 3394 1227 3478 quodam
1255 3394 1426 3459 Leonas-do

372 3509 579 3592 Pistoriensi,
599 3509 655 3592 qui
675 3514 849 3572 tractatum
871 3505 975 3587 hunc,
998 3505 1050 3570 cui
1073 3505 1113 3568 de
1134 3505 1300 3570 Potestate
1321 3513 1353 3582 et
1375 3527 1425 3569 sa-
1536 3581 1538 3584 Ι
1619 3533 1620 3554 1

373 3619 581 3709 pientiaDei
602 3642 719 3685 nomen
739 3616 875 3699 indidit,
888 3615 977 3702 prior
998 3617 1032 3680 in
1053 3615 1250 3706 Florentiam
1273 3639 1290 3680 c
1312 3615 1424 3680 Mace·
1517 3625 1538 3658 θ
1618 3683 1620 3692 A

375 3733 471 3797 donia
493 3730 617 3813 detulit,
640 3739 673 3794 et
694 3727 839 3799 manibus
853 3727 1007 3815 principis
1024 3725 1161 3794 Cosmae
1177 3726 1316 3792 Medicis
1339 3749 1426 3792 corn-

374 3841 471 3905 misit
517 3841 619 3905 cuius·
635 3848 808 3926 praecepto
836 3840 968 3906 Ficinus
997 3841 1031 3904 in
1053 3839 1202 3922 latinum,
1231 3847 1425 3921 tanquama

374 3951 565 4016 Mecaenate
585 3951 771 4038 suscipiens
794 3960 827 4017 et
847 3974 925 4017 suae
945 3952 1087 4016 culturae
1102 3949 1229 4014 novalia
1241 3947 1424 4032 persolvens

374 4062 546 4126 transtulit.
591 4063 694 4128 obiter
716 4063 854 4148 quidem.
899 4059 1151 4124 transferendum
1174 4058 1271 4140 enim,
1290 4079 1355 4127 non
1376 4056 1424 4121 in-

314 4149 319 4153 ,
375 4171 615 4257 terpretandum
638 4176 796 4256 volumen,
817 4170 971 4257 pluribus
983 4169 1103 4256 passim
1124 4167 1258 4234 variatis
1280 4189 1424 4232 necnon

375 4283 501 4349 omissis
524 4307 694 4371 aggressus
716 4293 776 4367 est,
798 4305 880 4366 quae
903 4282 1020 4346 omissa
1041 4280 1103 4344 hac
1126 4277 1250 4343 stellula
1272 4279 1286 4306 '⁶
1309 4288 1341 4343 et
1362 4277 1424 4342 hac

373 4393 500 4481 virgula
520 4405 610 4462 recta
632 4416 639 4475 ι
662 4397 813 4463 conclusa
840 4392 987 4479 reperies.
1033 4413 1096 4456 non
1119 4389 1256 4454 arbitror
1278 4377 1424 4475 equidem
