3517 5434
860 669 901 737 ²⁷
1328 687 1439 744 εει

326 840 403 924 μετὰ
433 839 554 909 τελείας
579 840 747 925 ἐπιστήμης
769 843 821 906 τδν
852 841 917 926 βίον
943 840 1058 925 όδιύη,
1092 839 1173 904 ἀλλά
1201 840 1252 902 καὶ
1275 838 1443 923 αὐτουργός

325 941 386 1002 τῶν.
408 943 463 1022 τῆς
480 938 592 1021 ἀρετῆς
615 937 866 1023 κατορθωμάτων
890 939 1025 1022 ὑπάρχῃ.
1070 937 1233 1021 ἄνθρωπος
1259 937 1358 1000 τοίνυν
1379 937 1441 1000 ἀδι·

324 1040 387 1100 κῶν
417 1035 601 1119 ἁμαρτάνειν
632 1035 806 1117 ἐγκαλεῖται
838 1037 973 1123 δικαίως.
1018 1035 1045 1098 εί
1068 1033 1122 1116 μὲν
1147 1031 1204 1116 γάρ
1233 1035 1358 1118 πράττει
1387 1035 1441 1118 τὴν

325 1132 476 1217 ἁμαρτίαν
499 1131 536 1195 οὑ
561 1133 730 1216 δυνάμενος
750 1133 947 1219 ἀποσχέσθαι
966 1131 1085 1216 ταύτης,
1105 1131 1210 1194 ἄδικον
1227 1129 1374 1214 ὑπομένει
1389 1132 1443 1215 τὴν

326 1229 456 1315 μέμψιν·
480 1230 508 1292 εί
527 1229 574 1309 δέ,
595 1229 663 1299 ἐξόν
684 1231 726 1314 μὴ
749 1236 860 1311 ποιεῖν,
883 1230 1057 1294 τούναντίον
1080 1233 1173 1303 ποιεῖ,
1191 1231 1240 1296 ’ύις
1258 1229 1371 1292 ἀδικῶν
1394 1229 1440 1294 εὑ·
1458 1237 1495 1317 ὅ..

326 1325 426 1409 λόγως
451 1326 634 1409 ἐγκαλεῖται.
677 1329 729 1391 καὶ
749 1331 855 1397 καλῶς
874 1350 909 1410 γε
930 1326 1013 1412 λόγιρ
1041 1327 1233 1410 ἐγκλήματος
1255 1325 1274 1408 ἡ
1308 1325 1441 1410 ἁμαρτία

326 1417 465 1487 καλεῖται
486 1423 571 1509 παρὰ
598 1424 689 1509 λόγον
713 1422 754 1513 (ᾧ
770 1447 805 1508 γε
832 1426 960 1488 δυνατόν
983 1425 1046 1489 ἐστι
1067 1423 1245 1510 χρήσασθαι
1266 1425 1442 1509 πανταχοῦ)

325 1520 529 1605 τραπομένη,
550 1525 593 1591 ὡς
612 1522 691 1586 είναι
709 1523 859 1608 ἁμαρτίαν
881 1527 942 1586 πᾶν
960 1523 994 1586 τδ
1016 1521 1101 1606 παρά
1117 1518 1208 1604 λόγον
1222 1520 1442 1606 πραττόμενον,

269 1670 275 1680 .
327 1619 355 1681 εί
374 1619 426 1682 καὶ
455 1619 490 1682 έκ
518 1623 579 1682 τῶν
608 1620 686 1684 κατὰ
716 1621 805 1706 φύσιν
836 1622 988 1706 λαμβάνει
1016 1620 1069 1703 τὴν
1098 1619 1253 1704 ἀφορμήν.
1298 1625 1358 1682 τῶν
1385 1619 1443 1703 γὰρ

325 1715 404 1779 κατὰ
430 1715 520 1800 φύσιν
551 1718 570 1799 ἡ
598 1717 758 1800 ἀλόγιστος
783 1722 893 1801 χρῆσις
918 1721 1003 1780 ποιεῖ
1022 1717 1074 1798 τὴν
1098 1715 1266 1800 ἁμαρτίαν,
1295 1714 1386 1798 λόγος
1407 1716 1442 1780 δλ
1461 1727 1495 1782 ιε

327 1812 359 1874 ἀν
393 1814 466 1895 ἡμῖν
501 1814 716 1897 δοκιμαστικδς
744 1820 810 1877 τῶν
843 1813 920 1877 κατὰ
963 1813 1069 1898 φύσιν,
1116 1813 1188 1876 όθεν
1227 1813 1264 1876 ού
1299 1813 1444 1876 λανθάνει

325 1909 530 1994 πραττομένη.
586 1911 615 1974 εἰ
643 1911 697 1994 μὲν
725 1911 824 1975 τοίνυν
851 1912 928 1995 πρὸς
957 1910 1084 1993 ἄσκησιν
1121 1910 1232 1994 ἀρετῆς
1264 1912 1314 1974 τὸν
1352 1907 1443 1994 λόγον

327 2007 584 2092 διαγυρνάζυιμεν
613 2009 665 2072 τδν
692 2009 725 2072 δν
754 2010 828 2092 ἡμῖν
851 2010 956 2093 ὥσπερ
979 2012 1081 2091 σῶμα,
1102 2012 1140 2090 τῇ
1166 2005 1307 2092 εὐμέτρῳ
1327 2008 1444 2091 κινήσει

327 2105 396 2188 ὑγιῆ
417 2106 468 2168 καὶ
490 2104 644 2189 εὔρωστον
673 2111 782 2170 τοῦτον
810 2104 1065 2191 ἀπεργαζόμεθα·
1099 2106 1126 2168 εί
1148 2105 1183 2168 δὲ
1205 2105 1373 2188 γυμνασίας
1394 2107 1444 2170 καί

327 2203 504 2286 ἐπιμελείας
524 2209 631 2267 τοῦτον
661 2205 703 2288 μὴ
731 2205 886 2288 ἀξιοῖμεν,
917 2203 1057 2267 ἀσθενῶν
1089 2194 1301 2286 ἀμαυρότερος
1331 2203 1445 2286 γίνεται
1462 2209 1495 2264 ίδ

325 2302 377 2364 καὶ
405 2299 495 2370 τέλος
523 2301 736 2385 ἀμελούμενος
762 2307 925 2386 πηρούται.
960 2301 1014 2386 ἐφ’
1037 2302 1110 2384 ἡμῖν
1139 2301 1173 2364 δὲ
1200 2301 1344 2384 τυγχάνει
1358 2321 1443 2362 παν·

326 2401 423 2483 ταχού
454 2393 609 2484 λόγον’τφῖ
638 2399 670 2462 ἐν
697 2400 769 2483 ἡμῖν
800 2398 990 2484 κεχρῆσθαι,
1024 2401 1127 2482 ὥσπερ
1157 2399 1186 2460 οί
1217 2397 1270 2480 τὴν
1292 2397 1444 2480 οἰκοδομι·

327 2497 388 2580 κὴν
402 2496 555 2580 μετιόντες
575 2503 620 2582 τῷ
637 2499 782 2581 γνώμονι,
804 2496 880 2579 πρὸς
896 2496 950 2579 τὴν
963 2497 1073 2581 ἀρετῆς
1087 2495 1253 2580 ἀκρίβειαν,
1268 2495 1319 2558 καί
1336 2499 1443 2559 τοῦτον

325 2599 482 2678 γεωργεῖν,
505 2597 610 2680 ὥσπερ
622 2599 660 2678 τῇ
670 2599 712 2678 γηῖ
724 2592 762 2656 τὰ
773 2592 1070 2679 καταβαλ[λ]όμενα
1090 2592 1260 2676 σπέρματα,
1269 2593 1351 2677 Ιόίπερ
1366 2592 1444 2656 ἐπει·

330 2691 385 2754 δδν
413 2692 560 2776 ἀμεληθηῖ
596 2691 820 2775 διαφθείρεται.
891 2689 924 2762 4,
966 2689 1099 2754 ἐνταῦθα
1133 2689 1170 2772 δὴ
1204 2691 1238 2753 τὸ
1268 2691 1442 2776 ἀμφίβολον
1459 2701 1496 2756 w

331 2788 496 2851 ἀνακόπτει
526 2793 580 2870 τῆς
603 2790 769 2872 ζητήσεως.
817 2787 897 2856 τίνος
918 2789 1006 2872 χάριν
1037 2785 1081 2872 τῷ
1101 2809 1136 2869 γε
1156 2787 1294 2872 τοσούτῳ
1315 2787 1445 2874 κινδύνῳ

329 2885 606 2970 παραβεβλήμεθα,
629 2885 680 2969 ἐφ’
705 2885 827 2953 ἑαυτοῖς
849 2883 973 2969 ἔχοντες
994 2885 1028 2946 τδ
1054 2883 1235 2954 σπουδάζειν
1256 2885 1306 2948 καὶ
1330 2886 1382 2969 μή,
1403 2889 1447 2953 ιὺς

330 2983 372 3066 μὴ
392 2983 515 3052 πάντως
537 2981 674 3065 ἀγαθούς
696 2981 926 3057 ἀποτελεῖσθαι,
953 2981 1024 3044 ἀλλ’
1044 2982 1063 3066 ἢ
1087 2984 1130 3048 ὑις
1157 2979 1206 3042 ἐπὶ
1227 2981 1261 3043 τὸ
1287 2981 1367 3044 πολὺ
1392 2981 1444 3062 (ού

330 3079 423 3163 μόνον
453 3079 532 3144 ἔστιν
561 3079 627 3162 ὅτε)
655 3078 779 3148 κακούς.
827 3081 1009 3162 ἀναγκαῖος,
1038 3078 1098 3164 οὐχ
1121 3078 1227 3147 ἁπλῶς
1249 3077 1443 3163 ὠφέλιμοςδ

327 3177 475 3254 κίνδυνος,
499 3179 613 3240 έπείτοι
631 3181 685 3239 τοὺ
707 3179 820 3246 παντὸς
841 3178 1061 3261 διαμάρτοιμεν
1076 3173 1122 3247 ἀν.
1160 3177 1187 3238 εἰ
1202 3175 1259 3261 γὰρ
1275 3178 1440 3261 πεποίηκεν
1460 3189 1495 3244 2⁵

171 3291 177 3302 “
300 3345 303 3350 ,
326 3277 410 3360 ἡμᾶς
430 3279 447 3341 ό
471 3276 545 3345 θεὸς
563 3276 733 3343 ἀδυνάτους
753 3275 850 3359 πάντη
873 3276 950 3359 πρὸς
970 3273 1130 3358 ἁμαρτίαν,
1153 3272 1209 3336 οὑκ
1229 3271 1264 3335 ἀν
1276 3271 1444 3358 γεγόναμεν

329 3374 453 3458 ἀγαθοί.
500 3374 618 3458 ἀγαθὸς
647 3372 702 3456 μὲν
731 3370 789 3455 γὰρ
819 3370 851 3433 ἐν
880 3372 1057 3457 ἀνθρώποις
1085 3371 1101 3433 ὑ
1124 3369 1239 3439 δίκαιός
1261 3393 1293 3434 τε
1313 3373 1364 3436 καὶ
1385 3375 1444 3438 ,σύ-

329 3493 435 3556 φρων,
465 3471 660 3556 ἀπεχόμενος
690 3469 726 3532 δὲ
754 3472 810 3552 τῆς
837 3469 958 3538 ἀδικίας
978 3469 1091 3553 γίνεται
1116 3468 1232 3538 δίκαιος
1248 3469 1298 3532 καὶ
1322 3470 1444 3555 φεύγων

328 3569 497 3632 ἀκολασίαν
529 3572 663 3652 σώφρων
692 3568 897 3630 ἀποτελεῖται.
940 3569 959 3650 ἁ,
987 3567 1086 3630 τοίνυν
1122 3565 1246 3635 ἐξουσία
1270 3572 1329 3632 τῶν
1362 3569 1444 3633 ἀναν
1489 3599 1492 3604 ·

327 3667 399 3728 τίων
424 3667 477 3749 τὴν
503 3671 605 3749 κτῆσιν
629 3709 757 3729 .......
790 3667 833 3732 ὑς
862 3663 961 3733 εἴτις
994 3665 1035 3748 μὴ
1061 3663 1093 3726 ἐν
1127 3663 1251 3748 ἐξουσίᾳ
1272 3665 1441 3736 ἀκολασίας
1459 3677 1496 3734 ω
1588 3700 1591 3708 ’

327 3763 480 3847 τυγχάνει,
509 3765 644 3848 σώφρων
673 3761 730 3825 υάκ
757 3759 795 3824 ἀν
820 3761 950 3844 γένοιτο.
996 3763 1071 3848 φαίη
1092 3762 1149 3848 γὰρ
1173 3760 1208 3826 ἀν
1230 3784 1274 3831 τις
1306 3761 1358 3831 Τίς
1380 3763 1445 3834 οἶός
1561 3830 1570 3846 ‚

327 3881 361 3922 τε
383 3861 545 3923 ὢνποιεῖν
569 3857 738 3922 ἀκόλαστον
762 3858 800 3921 ού
820 3860 1004 3943 πεποίηκενς
1028 3859 1065 3923 ού
1086 3860 1142 3944 γὰρ
1163 3860 1319 3944 ἀδυναμία
1333 3861 1443 3924 ἀκολα-

328 3959 396 4028 σίας
418 3961 505 4020 πυιεῖ
528 3955 732 4041 σωφροσύνην
760 3956 835 4020 οὑδὲ
866 3955 1015 4020 ἀσθένεια
1042 3958 1119 4040 πρὸς
1151 3957 1270 4020 ἀδικίαν
1298 3963 1384 4022 ποιεῖ
1403 3961 1443 4022 δι-

326 4056 503 4140 καιοσύνην,
525 4054 606 4118 ἀλλά
628 4056 662 4118 τδ
687 4053 837 4136 δύνασθαι
857 4054 912 4138 μὲν
933 4054 1085 4137 πράττειν,
1108 4052 1191 4139 λόγιμ
1210 4054 1244 4117 δὲ
1260 4054 1444 4142 ἀπέχεσθαι,

326 4160 416 4218 τοῦτο
446 4154 585 4237 ἡάρετὴ
617 4152 821 4236 σωφροσύνης
847 4173 880 4214 τε
899 4151 951 4214 καὶ
977 4150 1185 4236 δικαιοσύνης,
1224 4153 1275 4215 καὶ
1299 4153 1370 4238 οὐχὶ
1395 4154 1442 4218 δύ·
1459 4167 1495 4224 35

325 4252 438 4314 νασθαι
470 4251 580 4335 μόνον,
606 4248 686 4311 ἀλλά
708 4252 786 4334 πρὸς
806 4253 861 4333 τῆς
884 4247 1008 4334 φύσεως
1033 4248 1238 4334 ἐρεθίζεσθαι,
1259 4249 1308 4312 ίνα
1331 4271 1375 4318 τις
1392 4251 1444 4314 καὶ

327 4348 449 4431 ἀληθὴς
474 4346 598 4415 ἔπαινος
622 4343 644 4431 η’]
672 4348 793 4431 τρύμη
815 4348 955 4431 πράττειν
979 4345 1142 4432 αἱρεῖσθαι.
1188 4347 1265 4430 αύτη
1288 4346 1346 4430 γὰρ
1366 4346 1441 4432 μόνη

326 4444 377 4506 καὶ
396 4444 454 4508 οὐκ
474 4443 566 4527 ἀλλη·
582 4467 626 4513 τις
656 4443 800 4528 εὑρεθείη
828 4443 913 4528 παρά
943 4445 1120 4529 ἀνθρώποις
1143 4444 1247 4528 ἀρετή.
1296 4443 1369 4508 θεδν
1388 4445 1443 4528 μδν

324 4539 382 4625 γὰρ
406 4539 478 4604 οὔτε
498 4543 646 4626 σώφρονα
668 4542 797 4625 κλητέον
820 4539 892 4604 οὔτε
914 4542 1054 4627 ἀνδρεῖον
1067 4541 1118 4604 καὶ
1134 4539 1171 4603 τά
1185 4545 1312 4606 τοιαῦτα
1324 4541 1443 4622 (ἐπάνω
