3517 5434
315 750 374 802 cap·
388 732 413 784 6.
714 732 749 784 τὰ·
765 727 875 799 ἀγαθόν
893 731 969 784 ἐστιν.
1340 731 1373 783 bl

318 885 448 954 lotrad
471 883 555 963 θεὸς
584 882 622 971 τό
650 881 799 970 ἀγαθόν.
844 883 950 969 μόνον
973 875 1045 962 οὖν,
1076 875 1306 966 ὦᾺσκληπιέ,
1336 883 1373 952 τὸ

319 994 425 1082 όνομα
448 1000 510 1063 τοῦ
529 995 670 1081 ἀγαθοῦ
690 1003 726 1062 ὲν
748 993 956 1083 ἀνθρώποις,
978 991 1016 1062 τό
1040 996 1074 1060 δὲ
1097 997 1193 1083 ἔργον
1216 993 1372 1081 οὐδαμοῦ.

284 1123 299 1174 ε
317 1106 483 1177 ἀδύνατον
504 1105 578 1195 γάρ.
623 1106 663 1174 οῦ
684 1105 749 1195 γάρ
768 1118 868 1195 χωρεῖ
890 1109 985 1194 σῶμα
1006 1103 1118 1174 ὑλικόν
1140 1101 1177 1172 τό
1200 1103 1374 1175 πάντοθεν

316 1223 514 1310 ἑοφιγμένον
541 1222 643 1304 κακλρ
670 1223 725 1285 καὶ
754 1215 869 1296 πόνοις
897 1221 953 1285 καὶ
981 1214 1142 1302 ἀλγηδόσι
1169 1220 1226 1283 καὶ
1255 1221 1374 1284 ἐπιθυ-

315 1335 408 1418 μίαις
429 1334 486 1398 καὶ
507 1329 624 1419 ὀργαῖς
644 1333 700 1396 καὶ
722 1327 866 1406 ἀποίνοις
895 1333 951 1396 καὶ
972 1327 1092 1410 ’δόξαις
1118 1325 1289 1410 ἀνοήτοις·
1318 1333 1374 1397 καὶ

283 1439 357 1512 scd
378 1439 512 1509 πάντων
526 1438 681 1509 κάκιστόν
703 1448 801 1521 ἐστιν,
825 1431 1044 1521 όΆοκληπιέ,
1067 1437 1119 1506 ότι
1142 1448 1280 1509 ἕκαστον
1302 1439 1373 1508 τοῦ-

317 1578 382 1620 των
404 1558 469 1620 τῶν
490 1558 733 1640 προειρημένων
754 1556 1005 1638 ὲμπεπίστενται
1021 1549 1145 1618 ἐνθάῦε
1160 1549 1199 1618 τό
1221 1557 1375 1638 μέγιστον

318 1649 401 1731 εἶναι
423 1661 577 1750 ἀγαθόν·
597 1651 639 1731 τό
660 1666 791 1751 μᾶλλον
806 1663 1054 1752 ἀνυπέρβλητον
1069 1659 1179 1744 κακόν,
1202 1662 1374 1754 ἡγαστρι-

285 1780 453 1865 εμαργλα,
476 1775 577 1857 ἡτῶν
599 1779 709 1841 κακῶν
730 1773 863 1842 πάντων
884 1771 1063 1864 γορηγάςὴ
1086 1773 1205 1857 πλάνη,
1228 1775 1249 1858 ἡ
1273 1775 1374 1843 ἀπον-

319 1891 376 1954 οία
405 1884 530 1953 ὲνθάδε
557 1889 617 1952 τοῦ
646 1885 786 1971 ἀγαθοῦ
806 1892 884 1952 ἐστι.

384 1990 489 2083 Κάγώ
512 2001 547 2065 δὲ
566 1995 665 2084 χάριν
687 2000 747 2084 λέγω
769 1999 816 2081 τῷ
837 1999 919 2082 θεῷ,
942 1998 1150 2080 τηῦελςνοῦν
1165 2023 1222 2085 μοι
1237 1995 1377 2084 βαλόντι
1399 2007 1421 2072 4

269 2128 301 2181 12
318 2112 392 2195 περὶ
414 2113 474 2190 τῆς
494 2105 643 2195 γνώσεως
664 2110 725 2175 τοῦ
746 2107 895 2192 ἀγαθοῦ,
918 2103 969 2174 ὅτι
992 2103 1158 2176 ἀδύνατόν
1181 2117 1269 2176 ἐστιν
1292 2105 1374 2178 αὐτὸ

318 2227 355 2286 ἐν
382 2224 429 2305 cci
456 2217 569 2306 κόσμῳ
598 2217 690 2287 εἶναι,
744 2216 850 2308 ὁγάρ
878 2215 1003 2304 κόσμος
1030 2217 1193 2309 πλήρωμά
1220 2228 1288 2290 ἐστι
1316 2215 1375 2304 τῆς

318 2331 488 2412 κακίαςςὸ
512 2333 547 2398 δὲ
569 2328 654 2410 θεός
673 2333 735 2398 τοῦ
756 2330 906 2416 ἀγαθοῦ,
929 2325 952 2413 ἢ
973 2326 1012 2398 τό
1036 2327 1175 2416 ἀγαθόν
1197 2336 1257 2399 τοῦ
1278 2337 1373 2402 θεοῦ.

268 2450 300 2514 15
318 2448 353 2508 αἱ
374 2439 438 2531 γάρ
466 2443 577 2529 ὲξοχαὶ
597 2448 664 2509 τῶν
689 2446 799 2509 καλῶν
826 2447 902 2532 περὶ
930 2440 1034 2524 αὐτήν
1062 2449 1123 2510 εισι
1151 2438 1211 2524 τὴν
1240 2443 1374 2512 οὐσίαν·

298 2550 498 2643 Ιφαίνονται
520 2557 554 2622 δὲ
576 2557 632 2620 καὶ
658 2552 896 2642 καθαρότεραι
919 2558 975 2620 καὶ
998 2557 1258 2643 εἰλικρινέστεραι
1288 2553 1373 2642 τάχα

318 2689 382 2733 που
403 2669 459 2734 ’καὶ
481 2658 580 2732 αὗται
601 2670 637 2731 αἱ
659 2664 770 2733 οὐσίαι
791 2669 925 2732 ἐκείνου.
970 2667 1151 2750 τολμητέον
1178 2660 1242 2753 γάρ
1266 2669 1374 2747 ελπεῒν,

391 2930 433 2980 12.
451 2944 508 2980 ante
531 2931 590 2998 napi
612 2927 671 2978 libri
689 2930 745 2979 add.
769 2926 833 2991 κάν,
857 2949 908 2979 om.
928 2928 993 2978 Patr.
1075 2927 1116 2978 15.
1135 2927 1186 2980 τῶν
1209 2928 1303 2995 saldra]
1325 2930 1374 2982 τοῦ

391 3013 474 3093 καλοῦ
495 3015 577 3065 Fluss.
600 3012 665 3064 Patr.
691 3008 706 3082 ΙΙ
760 3028 819 3083 post
843 3017 895 3066 ελοι
913 3010 1014 3076 Ὑετςίο.
1038 3011 1120 3064 Fluss.
1148 3012 1214 3065 Patr.
1236 3015 1292 3064 add.
1317 3013 1374 3066 τοῦ.

393 3102 434 3154 lli.
454 3098 607 3171 φαίνονται]
626 3098 661 3150 sic
679 3099 725 3149 AB
744 3099 833 3162 Turn,
853 3103 997 3176 φαίνοντας
1015 3097 1095 3149 ceteri.
1110 3092 1124 3164 ΙΙ
1167 3096 1204 3164 dl]
1223 3098 1306 3163 sicil,
1325 3121 1375 3152 om.

390 3189 471 3241 ceteri.
493 3183 506 3255 Η
526 3178 528 3181 ⁵
544 3189 762 3256 εἰλικρινέστατον
780 3189 810 3238 Δ.

321 3453 393 3507 ergo,
412 3451 428 3486 ο
447 3429 572 3506 ΑεοΙερί,,
587 3447 683 3484 nomen
701 3429 766 3484 boni
784 3429 813 3484 in
831 3425 985 3483 hominibus
1004 3437 1054 3495 cst,
1073 3447 1117 3483 res
1136 3430 1300 3504 antcm'ipsa
1319 3429 1378 3485 nul-

320 3519 376 3576 libi.
413 3513 582 3596 impossibile
599 3533 720 3590 namque.
758 3535 813 3570 non
832 3513 947 3570 enimid
967 3515 1039 3590 capit
1057 3532 1155 3592 corpus
1174 3513 1311 3571 materiale
1330 3537 1378 3571 un·

320 3604 401 3678 dique
420 3603 593 3658 constrictum
613 3597 713 3655 malitia
732 3600 915 3656 et'laboribus
934 3610 961 3655 et
980 3598 1118 3654 doloribus
1139 3611 1166 3655 et
1184 3599 1377 3677 cupiditatibus

321 3699 348 3743 et
366 3692 404 3742 ira
423 3697 450 3742 ct
468 3686 604 3742 erroribus
624 3697 651 3741 ει
668 3686 841 3762 opinionibus
860 3686 1021 3755 amentibus;
1044 3695 1070 3739 ct
1089 3685 1161 3761 quod
1180 3689 1297 3757 omnium
1316 3707 1376 3764 pes·

321 3776 417 3829 simum
436 3782 486 3839 est,
508 3771 658 3848 oAsclcpi,
677 3771 749 3846 qnod
768 3770 872 3845 singula
890 3771 1025 3846 praedicta
1039 3771 1139 3827 credita
1153 3781 1216 3828 sunt
1234 3772 1278 3828 hic
1295 3775 1376 3829 maxi·

320 3879 391 3915 mum
411 3859 596 3914 essebonum.
634 3854 706 3932 quod
725 3876 876 3931 supremum
895 3867 938 3911 est
961 3855 1070 3925 malum,
1089 3861 1191 3918 ventris
1210 3858 1330 3926 illuvies,
1350 3871 1376 3914 et

321 3944 450 4000 malorum
469 3947 586 4000 omnium
603 3942 715 4017 largitor
732 3960 816 4009 error,
835 3944 955 3998 absentia
973 3943 1039 3997 boni
1057 3943 1101 3999 hic
1120 3955 1170 4014 est.
1227 3945 1228 3948 ’

373 4032 409 4087 Ει
428 4051 476 4108 ego
496 4034 592 4107 gratias
611 4029 697 4085 habco
717 4027 781 4095 deo,
806 4029 858 4105 qui
875 4028 940 4084 mihi
964 4031 990 4083 in
1007 4023 1124 4087 'merrtem
1142 4032 1234 4111 iniecit
1250 4031 1315 4087 boni
1334 4053 1376 4088 co-

321 4120 477 4191 gnitionem,
495 4116 567 4194 quod
587 4114 755 4193 impossibile
774 4119 810 4171 sit
828 4118 916 4192 ipsum
935 4115 1035 4170 bonum
1053 4117 1080 4170 in
1093 4116 1191 4172 mundo
1205 4137 1274 4174 esse.
1302 4137 1376 4173 mun·

322 4203 372 4259 dus
392 4205 461 4259 enim
484 4198 623 4282 plenitudo
646 4213 687 4258 est
706 4201 835 4271 malitiae,
858 4202 926 4258 deus
949 4221 1013 4257 vcro
1032 4201 1171 4280 plenitudo
1190 4213 1232 4258 cst
1249 4205 1313 4259 boni
1332 4201 1375 4259 vel

321 4288 420 4344 bonum
445 4284 496 4345 dei.
532 4311 591 4345 nam
614 4289 720 4366 pulchri
743 4289 917 4344 excellentiae
940 4283 1013 4354 circa
1031 4291 1117 4366 ipsam
1140 4300 1203 4346 ενοι
1221 4291 1375 4356 essentiam
1437 4293 1451 4310 ¹

321 4385 452 4450 apparent
470 4376 497 4429 ct
514 4379 637 4451 puriores
656 4383 683 4429 et
701 4377 862 4431 sinceriores
875 4385 902 4430 et
913 4373 984 4430 forte
996 4373 1046 4430 hac
1058 4377 1133 4453 ipsae
1150 4376 1283 4430 essentiae
1295 4373 1376 4438 illius.

322 4458 472 4515 audendum
491 4461 560 4515 enlm
579 4471 621 4516 est
639 4459 737 4528 dicere,
757 4481 773 4514 o
790 4461 912 4538 Asclepi‚
939 4461 1010 4536 quod
1030 4463 1146 4517 essentia
1166 4459 1224 4527 dei,
1247 4454 1273 4514 si
1289 4468 1378 4514 tamen

1130 4553 1176 4618 4*
