3517 5434
769 699 830 754 Ὅτι
848 698 954 772 ἀφανὴς
972 699 987 754 6
1007 702 1075 759 θεὸς
1356 721 1409 772 cap.
1428 705 1453 756 5.

399 861 434 926 δὲ
456 861 513 924 καὶ
533 859 688 946 κρείττων
709 858 799 930 ἐστὶν
821 865 841 932 †
864 851 943 933 ὅσος
965 849 1051 922 κατὰ
1073 851 1161 921 θεὸν
1190 852 1371 940 ὀνόματος,
1399 883 1454 924 το-

399 965 518 1046 σοῦτός
540 975 629 1035 ἐστιν
652 965 671 1034 6
692 964 828 1034 πάντων
849 963 975 1057 πατήρ·
999 957 1022 1047 ἦ
1043 961 1108 1055 γὰρ
1131 963 1235 1052 μόνος
1258 958 1368 1047 οὗτος,
1397 972 1454 1036 καὶ

352 1083 372 1150 9
395 1083 494 1146 τοῦτο
517 1077 606 1163 αὐτῷ
628 1076 667 1144 τὸ
691 1081 787 1167 ἔργον
809 1081 880 1146 ἐστὶ
902 1083 1029 1165 πατέρα
1045 1077 1136 1144 εἶναι.
1173 1083 1201 1144 ei
1217 1079 1258 1142 δέ
1281 1082 1313 1144 τί
1334 1103 1375 1164 με
1397 1083 1453 1146 καὶ
1472 1093 1488 1145 3

399 1187 642 1278 τολμηρότερον
672 1186 866 1274 ἀναγκάζεις
895 1195 1009 1269 εἰπεῖν,
1037 1187 1156 1256 τούτου
1183 1191 1273 1256 ἐστὶν
1296 1187 1453 1256 οὐσίατὸ

399 1299 487 1369 κύειν
509 1300 620 1368 πάντα
641 1304 698 1367 καὶ
719 1311 835 1368 ποιεῖν.
871 1304 928 1368 καὶ
951 1297 1058 1388 ὥσπερ
1078 1303 1180 1386 χωρὶς
1201 1301 1260 1366 τοῦ
1280 1305 1455 1378 ποιοῦντος

400 1411 567 1480 ἀδύνατόν
582 1419 652 1479 ἐστι
664 1416 826 1498 γενέσθαι
840 1439 879 1492 τι,
903 1408 987 1478 οὕτω
1009 1415 1065 1478 καὶ
1079 1414 1197 1478 τοῦτον
1221 1409 1272 1476 ἀεὶ
1293 1403 1340 1496 μὴ
1364 1409 1454 1492 εἶναι,
1472 1427 1489 1478 6

400 1532 428 1592 ei
449 1521 495 1610 μὴ
517 1522 629 1591 πάντα
652 1523 704 1590 ἀεὶ
724 1527 885 1590 ποιοῦντα
908 1531 943 1590 ἐν
965 1521 1104 1612 οὐρανῷ,
1126 1529 1162 1588 ἐν
1184 1521 1270 1610 ἀέρι,
1293 1529 1327 1588 ἐν
1349 1527 1398 1613 γῇ,
1419 1531 1454 1590 ὲν

399 1638 509 1721 βυθῷ,
533 1642 569 1701 ἐν
590 1638 691 1702 παντὶ
712 1637 773 1702 τοῦ
794 1631 928 1720 κόσμον,
951 1639 986 1700 ἐν
1008 1636 1108 1700 παντὶ
1130 1636 1190 1701 τοῦ
1211 1631 1336 1712 παντὸς
1357 1640 1453 1723 μέρει,

399 1751 446 1832 τῷ
468 1742 539 1814 ὅντα
553 1749 609 1812 καὶ
624 1750 671 1832 τῷ
684 1743 731 1832 μὴ
753 1741 833 1813 ὄντι.
871 1745 966 1812 οὐδὲν
980 1741 1044 1833 γάρ
1061 1752 1149 1813 ἐστιν
1163 1751 1198 1812 ἐν
1219 1749 1319 1814 παντὶ
1341 1743 1488 1832 κόσμῳ9

400 1854 420 1926 6
444 1858 503 1926 οὐκ
525 1862 613 1925 ἔστιν
636 1854 751 1934 αἰτός·
780 1861 868 1925 ἔστιν
891 1855 991 1936 αὐτὸς
1019 1861 1075 1924 καὶ
1097 1853 1139 1923 τοὶ
1161 1853 1243 1924 ὅντα
1266 1849 1385 1926 καὶτὰ
1407 1853 1453 1944 μὴ

400 1965 492 2037 ὅντα.
537 1965 662 2057 τὰμὲν
684 1965 748 2056 γὰρ
772 1964 854 2036 ὅντα
877 1975 1073 2061 ἐφανέρωοε,
1096 1964 1139 2035 τοὶ
1162 1971 1197 2036 δὲ
1218 1965 1264 2055 μὴ
1288 1966 1370 2037 ὄντα
1392 1972 1454 2056 ἔχει

399 2087 434 2149 ἐν
456 2084 570 2166 baveni.
1473 2095 1506 2146 12

333 2193 374 2261 10
467 2184 572 2270 Οὗτος
583 2189 601 2258 6
614 2187 697 2268 θεὸς
710 2189 876 2277 ὀνόματος
887 2193 1048 2280 κρείττων,
1062 2183 1158 2270 οὗτος
1170 2189 1188 2258 6
1202 2189 1343 2284 ἀφανής,
1358 2182 1455 2268 οὗτος

400 2301 419 2368 6
443 2299 726 2392 φανερώτατος,-ὁ
741 2306 789 2387 τῷ
810 2307 863 2368 νοῒ
885 2301 1064 2390 θεαρητός,
1087 2295 1183 2381 οὗτος
1199 2302 1217 2370 6
1233 2312 1302 2381 τοῖς
1317 2302 1454 2393 ὀφθαλ-

398 2424 475 2500 μοῖς
489 2410 618 2502 ὁρατός,
633 2405 729 2492 οὗτος
744 2412 763 2481 6
779 2409 962 2499 ἀσώματος,
976 2411 994 2480 6
1009 2412 1262 2502 πολνσώματος·
1277 2418 1406 2502 μᾶλλον
1421 2418 1455 2484 δὲ
1474 2433 1506 2484 15

472 2749 495 2802 l.
514 2756 633 2820 κρεῖττον
656 2762 680 2800 et
702 2744 766 2801 ὅσον
784 2750 815 2802 Α.
836 2744 850 2818 Η
896 2763 953 2819 post
975 2745 1078 2810 ὅσοςΒ
1102 2751 1158 2802 add.
1181 2746 1238 2802 τοῖν.
1318 2748 1345 2800 3.
1369 2744 1453 2817 αὐτῷ]

471 2831 539 2889 aiat
558 2835 613 2888 AB.
703 2835 727 2887 7.
747 2831 849 2902 πάντα]
873 2834 963 2888 ταῦτα
981 2835 1011 2886 Β.
1101 2837 1127 2888 8.
1146 2841 1171 2889 ἐν
1190 2837 1271 2888 παντὶ
1289 2833 1338 2886 τοῦ
1356 2836 1455 2893 παντὸς

468 2925 540 2994 μέρει
557 2941 608 2974 om.
626 2922 656 2975 B.
677 2917 692 2993 ΙΙ
726 2923 808 2994 μέρει]
826 2922 861 2974 sic
873 2923 948 2985 Pate,
967 2943 1018 2975 om.
1037 2921 1117 2974 ceteri.
1171 2921 1196 2974 9.
1216 2918 1316 2992 κόσμῳ]
1335 2920 1454 2980 οἱοΡοῑτ,

469 3013 554 3076 ἐκείνῳ
574 3009 655 3062 ceteri.
706 3010 747 3062 1⁰.
766 3024 823 3079 post
841 3006 957 3062 τὰόντα
976 3009 1022 3058 ΑΒ
1041 3021 1156 3076 repetunt
1175 3003 1266 3066 αὐτὸς.
1327 3002 1455 3058 11.ὄντα

469 3110 526 3166 post
542 3094 605 3168 γὰρ]
624 3101 719 3164 ἔχοντα
739 3099 768 3147 Α.
842 3094 883 3146 13.
902 3091 979 3158 θεὸς]
998 3093 1033 3144 sic
1052 3097 1073 3144 A
1092 3093 1167 3156 Pate,
1185 3095 1254 3145 θεοῦ
1271 3091 1369 3160 reliqui.

400 3409 454 3462 tior
472 3414 514 3460 est
532 3403 557 3474 †
576 3412 691 3478 quantus
713 3405 786 3457 iuxta
811 3399 888 3454 deum
907 3398 1027 3464 nomine,
1053 3406 1144 3451 tantus
1168 3405 1209 3452 est
1234 3398 1349 3452 omnium
1367 3406 1455 3474 pate1·;

400 3511 459 3546 nam
482 3489 559 3545 solus
580 3487 639 3556 hic,
663 3498 691 3543 et
714 3487 767 3541 hoe
789 3503 857 3561 epus
875 3483 935 3538 eius
959 3490 1001 3536 est
1023 3491 1125 3558 patrem
1147 3502 1215 3538 esse.
1251 3485 1276 3538 ei
1300 3503 1363 3538 vero
1388 3483 1454 3558 quid

399 3576 526 3634 audacius
544 3594 624 3650 ceges
642 3593 685 3628 me
703 3571 802 3637 dicere,
820 3569 900 3622 huius
913 3569 1030 3622 essentia
1044 3577 1087 3624 est
1098 3569 1236 3644 gravidum
1256 3589 1316 3626 esse
1329 3569 1453 3626 omnibus

400 3675 428 3720 et
446 3686 475 3719 ea
495 3664 589 3719 faeere.
625 3669 654 3715 et
672 3658 752 3714 sicuti
769 3655 870 3731 absque
894 3653 994 3710 faetore
1013 3655 1181 3732 impossibile
1203 3667 1245 3712 est
1264 3657 1323 3712 fieri
1341 3655 1452 3732 aliquid,

400 3753 441 3806 sic
459 3759 487 3804 et
504 3749 575 3804 hune
587 3763 693 3820 semper
705 3761 759 3796 οοο
770 3761 839 3808 esse,
857 3742 911 3798 nisi
925 3743 1011 3796 omnia
1028 3741 1167 3800 facientem
1185 3746 1212 3800 in
1225 3743 1308 3811 eaelo,
1327 3746 1356 3799 in
1372 3753 1452 3811 terra,

399 3838 427 3891 in
446 3841 521 3900 aere,
542 3827 736 3907 inmutanda,
760 3829 788 3884 in
805 3829 931 3884 universo
951 3828 1063 3898 mundo,
1086 3833 1113 3886 in
1132 3834 1203 3888 omni
1226 3833 1345 3888 universi
1368 3840 1452 3906 parte,

399 3922 454 3976 enti
473 3928 501 3974 et
517 3938 571 3973 οοο
590 3917 652 3971 enti.
689 3914 757 3971 nihil
779 3917 849 3972 enim
873 3917 961 3972 estin
983 3919 1108 3972 universo
1131 3916 1230 3974 mundo
1254 3916 1326 3992 quod
1344 3935 1399 3970 οοο
1417 3917 1453 3968 sit

399 4009 473 4082 ipse,
497 4013 525 4059 et
546 4005 607 4080 ipse
630 4004 700 4058 entia
723 4013 751 4058 et
768 4023 822 4059 οοο
845 4005 923 4058 entia.
962 4006 1033 4060 entia
1052 4003 1159 4079 quidem
1182 4001 1374 4066 manifestavit,
1398 4019 1452 4054 οοο

401 4091 471 4145 entia
488 4109 554 4146 vere
573 4088 698 4146 hebetia
717 4109 747 4145 se
765 4091 835 4167 ipso.

452 4175 508 4231 Iste
526 4175 592 4232 deus
614 4178 721 4234 nemine
743 4178 996 4254 praestantiorem,
1022 4175 1066 4230 hic
1084 4172 1287 4237 immanifestum
1310 4169 1354 4226 hie
1374 4175 1453 4226 mani-

398 4261 574 4331 festissimus,
597 4274 686 4320 mente
709 4261 946 4338 contemplandus,
969 4259 1056 4316 oculis
1079 4259 1209 4324 visibilis,
1232 4259 1408 4334 incorporeus
1427 4269 1454 4314 et

399 4349 543 4426 multorum
561 4371 712 4429 corporum,
731 4353 785 4405 inne
804 4349 922 4403 omnium
941 4365 1090 4422 corporum.
1119 4342 1186 4400 nihil
1206 4353 1247 4400 est
1265 4343 1338 4420 quod
1351 4364 1405 4400 non
1418 4345 1455 4400 sit
1485 4398 1487 4404 ,

399 4439 458 4495 iste.
485 4440 571 4496 emnia
585 4441 654 4496 enim
667 4435 742 4492 solus
755 4435 808 4490 iste
821 4441 870 4487 est.
908 4441 935 4488 et
953 4432 988 4488 ob
1000 4431 1052 4487 hoe
1064 4433 1124 4510 ipse
1141 4433 1248 4488 nomina
1265 4429 1347 4497 habet
1359 4432 1453 4494 omnia,
