3517 5434
301 741 355 788 cap.
374 719 399 769 9,
710 717 755 766 καὶ
771 712 932 782 &volesne
1321 712 1357 764 63

303 878 361 953 τῆς
382 871 539 957 γνώσεως,
584 866 694 934 πόντοι
724 864 788 954 γάρ
817 870 863 951 τῷ
892 863 1044 950 τοιούτῳ,
1066 862 1128 932 κάν
1151 877 1220 943 τοῖς
1243 861 1356 944 ἀλλοις

302 984 345 1050 eoi
366 980 460 1062 κακά,
482 978 605 1066 ἀγαθοί
627 986 711 1046 ἐστι·
734 983 789 1046 καὶ
803 974 1042 1064 βουλευόμενος
1063 975 1174 1044 πάντα
1197 975 1357 1067 ἀναφέρει
1395 1041 1398 1045 ,

267 1101 348 1171 θεὶς
369 1089 430 1174 τὴν
451 1096 580 1178 γνῶσιν.
616 1095 671 1158 καὶ
693 1086 732 1157 τὸ
747 1085 958 1176 θαυμαστόν,
980 1084 1023 1156 τά
1044 1084 1130 1156 nasei
1151 1085 1255 1175 μόνος
1277 1088 1354 1172 ἀγα·

302 1209 449 1272 θοποιεῖ.

370 1314 533 1401 Ἐπάυειμι
562 1313 662 1380 πόλιν
684 1318 737 1381 ἐπὶ
759 1309 818 1380 τόν
845 1308 1037 1392 αἰσθήσεως
1065 1308 1174 1395 λόγον.
1221 1308 1359 1399 ἀνθρώ·
1383 1314 1403 1376 5

268 1435 398 1495 θπινον
421 1419 543 1493 οὖντὸ
564 1430 765 1507 κοινωνῆσαι
786 1419 958 1511 ἀνθρώπῳ
981 1421 1146 1502 αἴσθησιν
1160 1420 1282 1504 νοήσει.
1318 1422 1357 1490 οὐ

303 1543 369 1614 πᾶς
391 1541 426 1604 δὲ
448 1535 645 1620 ἄνθρωπος,
673 1536 717 1615 ὡς
738 1548 913 1625 προεῖπον,
936 1530 1096 1599 ἀπολαύει
1124 1537 1184 1614 τῆς
1205 1531 1357 1614 νοήσεως,
1429 1548 1433 1612 ζ
1498 1578 1500 1587 ,

303 1648 378 1714 ἀλλ’
397 1648 417 1714 ό
439 1652 499 1735 μὲν
527 1645 638 1726 ὑλικὰς
660 1648 680 1714 ό
704 1651 738 1714 δὲ
761 1643 930 1745 οὐσιώὸης.
977 1642 1078 1730 ὁμὲν
1106 1639 1170 1731 γάρ
1192 1640 1276 1729 μετά
1297 1669 1357 1710 κα-

269 1763 376 1835 υκίας
396 1756 515 1838 ὑλικάς,
537 1759 580 1836 ὡς
602 1763 695 1849 ἔφην,
718 1754 785 1825 ἀπὸ
808 1761 874 1827 τῶν
897 1753 1064 1841 δαιμόνων
1085 1750 1123 1822 τό
1147 1745 1275 1842 σπέρμα
1298 1761 1357 1836 τῆς

303 1869 447 1952 νοήσεως
476 1870 574 1956 ἰ’σχει·
611 1875 641 1936 oi
671 1873 706 1935 δὲ
734 1866 817 1956 μετά
846 1871 906 1934 τοῦ
935 1866 1074 1949 ἀγαθοῦ
1101 1866 1265 1946 οὐσιωδῶς
1293 1867 1356 1934 ὑπὸ

303 1983 363 2048 τοῦ
386 1984 472 2047 θεοῦ
494 1978 680 2064 σωζόμενοι.
727 1980 745 2047 ὁ
768 1983 828 2066 μὲν
849 1975 913 2064 γὰρ
939 1973 1021 2054 θεὸς
1047 1975 1180 2045 πάντων
1202 1982 1358 2066 δημιουρ-

251 2102 285 2152 12
303 2089 376 2176 γός·
406 2094 613 2180 δημιουργῶν
642 2088 752 2158 πάυτα
779 2099 867 2158 ποιεῖ
888 2091 949 2175 μὲν
970 2093 1076 2174 ἐαυτῷ
1106 2087 1223 2176 ὅμοια·
1252 2094 1357 2157 ταῦτα

304 2204 335 2269 δ’
354 2200 477 2288 ἀγαθά
503 2200 665 2290 γενόμενα
688 2209 724 2269 ἐν
746 2206 786 2295 τῇ
804 2198 921 2288 χρήσει
949 2203 1007 2281 τῆς
1035 2206 1197 2288 ἐνεργείας
1225 2197 1356 2293 ἀφσρα·

303 2313 324 2395 ἡ
346 2311 411 2402 γάρ
433 2309 573 2400 κοσμικῆ
596 2310 687 2405 φορὰ
709 2316 872 2400 τρίβονσα
896 2307 954 2391 wig
982 2319 1122 2398 γενέσεις
1143 2309 1241 2391 ποιάς
1263 2326 1357 2393 ποιεῖ,

213 2437 227 2462 “
252 2435 284 2486 15
303 2422 363 2502 τάς
389 2429 449 2510 μὲν
477 2427 684 2511 ῥυπαίνουσα
714 2428 752 2515 τῇ
773 2428 890 2509 κακίᾳ,
920 2419 980 2503 τάς
1003 2427 1037 2491 δὲ
1066 2428 1282 2510 καθαίρουσα
1312 2428 1358 2510 τῷ

303 2535 436 2622 ἀγαθῷ.
481 2534 623 2624 καὶγὰρ
646 2535 664 2602 ὁ
688 2533 820 2621 κόσμος,
842 2527 868 2600 ὦ
889 2535 1067 2617 Ἀσκληπιέ,
1090 2535 1254 2616 αἴσθησιν
1270 2539 1358 2602 lilino

372 2768 397 2820 2.
415 2765 611 2835 βουλευόμενος]
628 2767 664 2818 sic
681 2768 757 2830 Pate,
776 2767 1006 2836 ἐπιβουλευόμενος
1024 2768 1105 2820 ceteri.
1188 2765 1212 2819 3.
1232 2767 1263 2818 τὸ
1283 2773 1358 2820 θαυ-

372 2849 490 2920 μαστόν]
509 2851 544 2900 sie
561 2851 637 2914 Patr,
656 2873 706 2904 orn.
726 2850 807 2903 ceteri.
865 2852 892 2904 6.
911 2849 1098 2924 ἀνθρωπονΒ
1118 2853 1209 2916 Turn„
1227 2873 1277 2903 om.
1289 2853 1356 2903 Patr.

374 2954 457 2986 errore
474 2950 568 3005 typogn.
588 2931 602 3004 ll
640 2940 771 3004 αἴσθησιν
788 2936 969 2987 orn.Bann.
1003 2935 1028 2988 8.
1046 2941 1093 3006 μὲν
1112 2950 1168 2986 note
1185 2937 1237 3006 γάρ
1256 2957 1306 2988 om.
1329 2940 1355 2987 A.

375 3020 400 3074 9.
416 3018 506 3080 ὑλικῶς
523 3021 554 3072 Β.
573 3016 590 3091 ll
625 3036 682 3074 ante
699 3017 755 3074 ἀπὸ
775 3021 840 3071 Patr.
860 3022 915 3072 aelel.
935 3022 987 3072 καὶ.
1065 3019 1106 3072 10.
1123 3019 1163 3072 ll.
1183 3016 1318 3080 οὖσιωθεῖς
1336 3021 1358 3072 dt

374 3103 505 3170 σώζονται
522 3106 594 3160 Τὶοά.
650 3108 690 3160 12.
714 3121 770 3177 post
789 3108 950 3176 δημιουργῶν
969 3106 1034 3156 Patr.
1053 3106 1109 3156 add.
1134 3104 1212 3171 φύσει
1231 3103 1359 3176 χρῆταιὸ

376 3191 448 3251 θεός.
504 3192 544 3244 13.
565 3189 669 3264 ἄφορα]
687 3194 722 3245 εἰσ
740 3191 834 3258 Verglc.
854 3191 929 3252 Patr..
948 3186 1041 3262 ἀφορᾷ
1058 3192 1139 3243 ceteri.
1198 3191 1239 3242 16.
1257 3193 1314 3260 ἰδίᾳ
1326 3193 1357 3242 Α.

304 3427 405 3473 temnet
423 3418 602 3493 cognitionem
621 3419 782 3494 percipiens.
819 3418 907 3472 omnia
927 3417 996 3471 enim
1008 3415 1079 3480 hoie,
1099 3416 1219 3491 quamvis
1231 3415 1292 3472 aliia
1304 3417 1360 3472 sint

304 3503 379 3571 mala,
399 3503 469 3560 bona
488 3514 562 3574 annt;
586 3513 613 3559 et
630 3503 746 3560 oonsilio
764 3505 843 3560 nixos
862 3512 957 3559 ennete
975 3503 1003 3557 in
1021 3503 1200 3576 cognitionem
1218 3502 1313 3570 refert,
1332 3512 1360 3558 et

305 3590 377 3666 quod
394 3590 543 3646 mirandum
562 3599 613 3657 eet,
631 3589 708 3648 aolus
726 3590 794 3646 mala
813 3589 898 3646 elficit
917 3590 992 3645 bone.

355 3674 449 3729 Redeo
468 3695 562 3731 rorans
579 3672 614 3730 ad
631 3695 782 3732 sermonem
800 3676 835 3731 ele
852 3695 943 3734 sensu.
980 3673 1123 3732 homanum
1145 3693 1208 3748 engo
1228 3685 1270 3730 eat
1289 3695 1366 3730 eoin·¹

304 3761 439 3815 monieane
461 3779 575 3819 sensnm.
592 3760 786 3818 intellectione.
825 3781 879 3816 non
904 3771 991 3818 tamen
1013 3763 1100 3818 omnis
1122 3760 1216 3828 homo,
1246 3771 1276 3818 ut
1297 3771 1359 3818 onte

305 3844 369 3910 elixi,
388 3843 486 3900 fruitur
504 3845 688 3921 intelligentia,
706 3866 766 3902 nent
784 3847 830 3902 hie
846 3847 953 3923 quidem
972 3847 1116 3906 materialis
1135 3858 1177 3904 est
1189 3847 1255 3905 alins
1269 3868 1359 3904 essen-

304 3930 384 3987 tialis.
420 3933 444 3988 is
467 3935 551 4000 enim,
574 3935 621 4009 qni
644 3953 757 4008 nequam
780 3942 822 3988 eat
840 3933 997 4001 materialis,
1016 3934 1133 4002 uldini,
1152 3957 1168 3990 a
1185 3934 1359 3992 daemonibus

304 4037 395 4074 semen
419 4017 612 4096 intelligentiae
633 4019 750 4086 obtinet3
773 4021 821 4094 qul
841 4039 905 4075 veno
925 4039 984 4074 cum
1007 4019 1078 4074 bono
1098 4022 1277 4078 essentialiter
1295 4032 1359 4078 sunt
1394 4055 1396 4062 v

305 4125 318 4158 a
332 4105 383 4160 deo
395 4115 545 4174 servantur.
577 4125 638 4161 nom
650 4105 717 4162 dena
730 4105 854 4161 eonditor
872 4108 989 4162 omnium
1003 4109 1118 4174 comsit,
1138 4107 1257 4164 condens
1271 4111 1359 4164 omnio

305 4189 369 4245 feeit
385 4192 493 4266 quidem
509 4193 562 4249 sibi
580 4191 691 4260 similia3
709 4191 776 4248 haee
793 4202 881 4248 tamen
899 4194 985 4268 genita
1004 4193 1073 4249 bona
1087 4197 1113 4249 in
1131 4197 1295 4272 operationis
1308 4215 1359 4250 osu

305 4276 422 4343 sterilie3
439 4279 568 4334 mundana
587 4281 657 4334 enian
674 4279 740 4336 latio
757 4282 943 4355 generationes
957 4289 1074 4336 atterens
1088 4281 1182 4358 quoles
1201 4282 1272 4346 lacit,
1291 4280 1357 4335 alias

305 4361 412 4436 quidem
438 4363 549 4418 foedans
576 4368 708 4439 nequitia,
736 4365 802 4422 alios
824 4385 890 4422 vero
917 4385 1032 4442 purgans
1062 4367 1144 4422 bono..
1184 4375 1211 4420 et
1233 4365 1356 4430 mundos,

304 4447 428 4524 Asekpi,
447 4467 555 4504 sensnm
572 4453 711 4524 proprium
729 4460 757 4506 et
774 4452 977 4526 intelligentiam
995 4451 1087 4520 habet,
1106 4471 1160 4508 non
1179 4449 1293 4508 similem
1312 4449 1358 4506 ltu·
