3517 5434
312 756 366 805 cap.
388 734 411 784 1.
752 722 931 796 Ποιμάνδρης.
1338 715 1370 768 17

313 891 373 954 τοῦ
399 885 630 971 ἀνθρωπίνου,
666 878 743 956 τούς
772 876 890 964 λόγους
919 872 1096 952 διδάσκων,
1125 875 1193 950 πῶς
1222 875 1277 940 καὶ
1306 874 1371 938 τίνι

313 995 423 1087 τρόπῳ
456 989 683 1073 σωθήσονται
722 992 779 1056 καὶ
801 993 934 1076 ἔσπειρα
968 983 1080 1062 αὐτοῖς
1113 980 1189 1062 τοὺς
1220 985 1279 1064 τῆς
1312 1003 1369 1048 σο-

280 1112 395 1201 3ιρίας
421 1102 539 1191 λόγους
566 1106 623 1169 καὶ
650 1099 845 1190 ἐτράφησαν
875 1105 910 1164 ίκ
940 1099 999 1163 τοῦ
1003 1094 1230 1183 ἀμβροσίου.
1236 1090 1405 1171 nideror
1397 1075 1471 1172 onis

313 1219 472 1310 ὀψίθας
494 1217 671 1301 γενομένης
692 1216 748 1278 καὶ
769 1215 829 1292 τῆς
850 1211 911 1276 τοῦ
938 1207 1034 1290 ἡλίου
1064 1205 1166 1291 αὐγῆς
1189 1203 1372 1294 ἀρχομένης

313 1328 459 1397 δύεσθαι
486 1324 565 1406 ὅλης
593 1328 744 1391 ἐκέλευσα
774 1319 886 1398 αὐτοῖς
915 1319 1115 1406 εὐχαριστεῖν
1144 1320 1190 1447 cpi
1213 1319 1293 1400 θεῷ.
1316 1319 1370 1380 καὶ

279 1434 613 1525 θάναπληροίσαντες
635 1431 695 1517 τὴν
718 1433 927 1520 εὐχαριστίαν
943 1435 1108 1506 ἕκαστοςὲ
1112 1424 1220 1516 τροίπη
1245 1433 1288 1503 είς
1310 1449 1371 1506 την

314 1553 404 1618 ίόίαν
438 1551 562 1650 κοίτην.
596 1542 658 1634 syci
687 1549 723 1613 δὲ
751 1540 812 1625 τὴν
840 1542 926 1629 εὐεργ
914 1545 1028 1626 γεσίαν
1065 1542 1123 1606 τοῦ
1152 1535 1373 1625 Ποιμάνδρου
1396 1547 1439 1615 30

315 1656 559 1751 ἀνεγραιμάμην
592 1665 636 1736 είς
664 1654 823 1786 εμαυτρίν,
856 1657 913 1720 καὶ
944 1642 1192 1783 πληρωθεὶς
1168 1674 1213 1717 ων
1246 1644 1374 1730 ἤθελον

282 1767 567 1862 υίξηυφροίνθην.
590 1775 640 1853 ὲγί
641 1792 716 1835 νετο
738 1764 803 1853 γάρ
827 1764 845 1831 ὁ
868 1767 929 1830 τοῦ
952 1760 1105 1850 σώματος
1120 1757 1221 1839 ὕπνος
1236 1787 1294 1842 της
1308 1777 1373 1848 ipo
1416 1823 1420 1830 .

316 1886 378 1968 χῆς
400 1883 509 1967 νῆψις,
530 1882 586 1943 καὶ
607 1874 809 1961 ηκάμμυσις
829 1878 894 1941 τῶν
911 1873 1104 1961 ὀφθαλμῶν
1120 1868 1269 1954 ἀληθινὴ
1293 1868 1373 1959 ὅρα-

319 2015 384 2069 σις,
415 1991 472 2054 καὶ
493 1985 514 2067 ἡ
537 1983 643 2066 σιωπή
665 2008 730 2068 μου
752 1980 899 2068 ἐγκύμων
923 1985 981 2048 τοῦ
1010 1981 1164 2066 ἀγαθοῦ,
1192 1987 1248 2049 καὶ
1270 1983 1291 2064 ἡ
1315 1986 1374 2048 τοῦ

268 2123 301 2174 12
319 2097 419 2185 λόγου
440 2092 568 2188 ίκφορά
596 2092 786 2180 γεννήματα
815 2092 968 2178 ἀγαθῶν.
992 2094 1090 2159 τοῦτο
1114 2096 1148 2161 δὲ
1172 2095 1293 2178 συνέβη
1315 2119 1373 2180 μοι

318 2208 458 2295 λαβόντι
484 2203 552 2273 ἀπὸ
581 2209 642 2274 τοῦ
668 2203 747 2282 νοός
768 2229 847 2290 μου,
870 2205 961 2270 τοῦτ’
980 2207 1051 2270 ἔστι
1071 2207 1131 2272 τοῦ
1152 2202 1373 2294 Ποιμάνδρου

318 2325 377 2388 τοῦ
399 2324 458 2401 τῆς
480 2317 664 2395 αὐθεντίας
686 2314 795 2402 λόγου,
819 2311 904 2383 ὅθεν
927 2313 1096 2392 θεόπνους
1118 2315 1294 2402 γενόμενος
1316 2321 1375 2398 τῆς

268 2457 301 2506 15
319 2430 485 2511 ἀληθείας
513 2421 635 2510 ἦλθον.
665 2423 717 2493 διὸ
746 2429 863 2514 δίδωμι
886 2435 920 2493 ἐκ
943 2433 1051 2516 ψυχῆς
1079 2431 1135 2493 καὶ
1162 2426 1273 2514 ἰσχύος
1296 2425 1375 2509 ὅλης

319 2540 474 2622 εὐλογίαν
497 2565 542 2626 τρι
565 2542 665 2626 πατρὶ
688 2539 771 2622 θεῷ.

378 2649 527 2735 Ἀγιος
512 2677 531 2717 ο
554 2644 677 2725 θεὸς
661 2675 680 2714 ο
701 2671 812 2734 πατηρ
834 2649 900 2713 τῶν
923 2642 1023 2712 ὅλων·
1053 2643 1148 2731 ἀγιος
1170 2646 1188 2712 6
1214 2641 1373 2726 θεός,
1336 2675 1376 2715 ου
1400 2617 1504 2722 317²ss-

270 2783 304 2834 18
322 2758 461 2845 ἡβονλὴ
484 2758 665 2827 τελεῖται’
647 2753 713 2824 απά
737 2763 801 2824 τῶν
822 2739 913 2824 ίδίων
931 2755 1163 2844 δυναμεων·”
1141 2783 1234 2844 αγιος
1250 2785 1267 2824 ο
1258 2757 1376 2838 ἰθεός,

392 2936 416 2987 l.
435 2933 488 2988 πού
504 2931 689 3004 ἀνθρωπίνου]
709 2933 743 2982 sic
762 2933 828 2982 Pau.
847 2951 898 2982 om.
918 2932 1017 2999 reliqui.
1080 2935 1106 2983 2.
1125 2934 1150 2985 3.
1171 2933 1280 3003 σοφίας]
1301 2940 1376 3002 φιλο-

390 3023 490 3088 σοφίας
508 3025 535 3071 B.
590 3017 616 3069 3.
636 3016 773 3088 ἰτρόφησα
791 3016 858 3066 Patr.
920 3015 945 3066 9.
966 3015 1132 3084 λξευφράθην
1153 3021 1184 3070 Α.
1245 3019 1285 3072 10.
1306 3020 1375 3090 κάμ-

390 3105 480 3175 μυσις]
498 3101 616 3175 ἀμμυσις
634 3123 710 3168 marg.
729 3102 760 3156 B.
816 3101 856 3153 14.
876 3102 925 3152 τοῦ
944 3121 994 3153 om.
1014 3101 1080 3154 Patr.
1101 3097 1114 3171 Η
1143 3101 1221 3168 ὅθεν]
1241 3103 1275 3154 sic
1294 3106 1375 3157 Fluss.

390 3211 441 3244 om.
464 3191 564 3260 reliqui.
584 3185 599 3257 ΙΙ
648 3186 795 3259 γενόμενος]
819 3186 923 3257 γνώμας
941 3187 972 3240 Β.
1065 3187 1104 3239 15.
1127 3180 1213 3258 ἦλθον
1235 3209 1285 3244 om.
1305 3191 1334 3242 B.
1361 3188 1373 3259 ii

391 3279 432 3331 διὸ
450 3276 553 3348 δίδωμι]
572 3276 642 3345 ζήτει
660 3273 722 3327 ὅλον
740 3293 816 3340 marg.
835 3273 865 3324 B.
941 3271 980 3326 16.
1001 3269 1117 3340 εὐλόγιον
1136 3275 1202 3328 Patr.

322 3416 420 3472 minori
437 3416 472 3470 iis
490 3415 637 3491 sapientiae
656 3429 794 3468 sermones
818 3421 844 3464 et
867 3409 914 3466 alti
934 3418 997 3466 sunt
1015 3410 1238 3489 ambrosiaeque.
1264 3435 1376 3492 vespere

321 3510 408 3556 antem
427 3501 497 3556 fecto
516 3509 544 3556 τί
561 3497 630 3554 solis
647 3497 794 3574 splendore
812 3499 864 3553 ism
882 3495 1022 3552 occidente
1041 3507 1108 3566 ίοίο,
1127 3501 1194 3556 iussi
1213 3520 1259 3556 eos
1278 3504 1376 3574 gratius

323 3587 374 3642 deo
399 3579 504 3661 ageres
526 3595 553 3640 et
578 3584 711 3660 completa
737 3586 880 3659 gratiarum
905 3585 1011 3640 actione
1038 3587 1224 3660 unusquisque
1246 3585 1327 3640 rediit
1350 3590 1377 3641 iu

323 3673 461 3748 proprium
479 3670 575 3726 cubile.
595 3690 643 3744 ego
662 3691 727 3726 vero
746 3670 948 3726 beneficentiam
961 3668 1121 3726 Poeniendri
1139 3670 1271 3746 descripsi
1289 3672 1316 3724 in
1335 3693 1376 3726 me
1471 3661 1475 3668 ’

310 3756 393 3832 ipso,
412 3766 440 3811 et
456 3756 577 3832 repletus
596 3757 638 3823 iis,
657 3776 725 3830 quac
743 3757 886 3822 volueram,
904 3755 1016 3812 luctatus
1037 3775 1096 3812 sum
1114 3755 1198 3812 valde.
1229 3758 1314 3812 l'aetus
1334 3769 1376 3814 ssi

323 3843 393 3896 enim
417 3843 540 3916 corporis
567 3859 678 3894 somnus
706 3844 807 3896 animae
830 3841 974 3908 sobrietas,
1003 3852 1030 3896 ελ
1049 3845 1213 3919 compressio
1237 3843 1376 3924 oculorum

321 3945 384 3983 vera
403 3928 483 3993 visio,
502 3936 530 3980 ct
547 3925 684 3982 silentium
701 3946 789 3988 meum
806 3927 943 4001 gravidum
961 3928 1041 3995 bono,
1061 3938 1088 3982 et
1107 3931 1239 3984 sermonis
1257 3929 1374 4004 prolatio

322 4015 438 4083 germine
457 4011 599 4066 bonorum.
616 4011 669 4066 hoc
686 4021 774 4067 autem
792 4014 890 4070 accidit
907 4013 980 4082 mihi,
1000 4015 1045 4090 qui
1064 4016 1153 4090 occepi
1173 4035 1186 4068 a
1205 4022 1376 4084 montense,

322 4097 375 4153 hoe
393 4108 435 4153 ost
453 4091 653 4153 sPoemendro
673 4097 781 4153 domino
800 4101 888 4168 verbi,
911 4100 981 4156 unde
1005 4101 1063 4176 ipse
1088 4099 1179 4154 divino
1198 4100 1304 4155 efflatus
1323 4104 1376 4177 spi·

244 4234 248 4238 .
323 4184 391 4251 ritu,
414 4186 535 4240 veritatis
561 4203 671 4259 compos
695 4184 807 4241 effectus
829 4207 895 4242 snm.
919 4196 1062 4265 propterea
1087 4184 1121 4240 do
1141 4207 1176 4242 εν
1192 4189 1279 4241 animo
1298 4197 1325 4241 ολ
1343 4209 1374 4242 cx

325 4269 426 4324 viribus
444 4272 510 4325 totis
529 4269 634 4326 leudem
653 4273 723 4346 petri
740 4269 810 4325 deo:

376 4351 492 4409 Sanctus
511 4357 577 4412 deus
597 4366 673 4432 poter
690 4357 888 4423 universorum
906 4365 1015 4412 sauctus
1035 4355 1115 4424 deus,
1139 4359 1214 4412 cuius
1234 4357 1373 4417 consiiiiun

325 4437 357 4493 ad
375 4437 455 4494 ficiem
474 4440 615 4498 deducitur
633 4465 647 4497 ο
665 4443 783 4520 propriis
802 4443 944 4518 potentiis3
963 4451 1070 4498 sanctus
1090 4442 1165 4508 deus,
1186 4443 1230 4516 qui
1249 4444 1374 4515 cognosci
