3517 5434
150 638 151 691 ³
215 749 224 758 ,
340 677 476 736 ιιι-ι.
879 667 922 730 τι

340 833 419 898 νῖντι
438 831 517 913 (ἔστι
540 833 576 896 δὲ
595 833 806 916 πάμπολ[λ]α)
821 832 914 916 λόγου
930 835 1082 918 μηδαμῶς
1105 835 1300 908 ἀξιώσαντες,
1315 835 1376 920 ήδη
1397 859 1461 900 πει-

305 965 308 972 ·
342 929 504 1015 ραοόμεθα
537 930 635 1000 δεῖξαι
662 935 706 999 ῶς
736 931 828 994 κακία
858 931 913 1015 μὲν
943 930 1083 1015 οὐδαμοῦ
1103 930 1170 994 κατ’
1195 931 1302 994 υῦσίαν
1328 933 1462 1019 ὑπάρχει

342 1027 413 1091 οὔθ’
446 1028 521 1110 ῦλης
548 1027 629 1111 ἀρχή
659 1049 703 1096 τις
733 1027 868 1114 ἄναρχος
894 1027 1101 1092 ἀντιτέτακται
1127 1028 1211 1114 θεῷ,
1242 1029 1296 1112 μία
1320 1029 1355 1091 δὲ
1377 1030 1459 1115 ἀρχὴ
1510 1091 1512 1096 2

339 1129 400 1187 τῶν
425 1124 507 1188 όλων
535 1126 587 1186 καὶ
611 1126 655 1193 είς
681 1125 754 1194 θεὸς
784 1126 801 1188 ό
822 1125 860 1188 τὰ
880 1128 979 1190 πάντα
1005 1126 1234 1208 δημιουργήσας
1253 1126 1335 1188 καλοί
1356 1149 1389 1190 τε
1409 1128 1461 1190 καὶ

307 1225 395 1303 ἕντῆς
422 1220 518 1284 αὐτοῦ
545 1221 656 1305 σοφίας
677 1222 756 1293 ἄξια.
787 1223 916 1308 καὶγὰρ
941 1223 978 1306 δὴ
1002 1221 1031 1284 οἰ
1055 1221 1086 1291 ἐξ
1109 1221 1226 1286 ἐκείνου
1249 1221 1372 1286 ἐπειδᾶν
1390 1224 1460 1307 περὶ

336 1324 396 1382 τῶν
408 1319 586 1382 ιἰσυστοίτων
601 1319 706 1404 ἀρχῶν
727 1319 759 1382 ἐν
782 1321 865 1406 λόγῳ
883 1317 1150 1404 διελε[γ]χθῶσιν,
1170 1317 1220 1382 ἐπὶ
1234 1317 1344 1402 ταύτην
1366 1319 1458 1382 κατά·

340 1437 444 1498 γονται
465 1415 519 1498 τὴν
543 1415 731 1501 ἐπαπόρησιν
753 1422 797 1486 ῶς
812 1415 1051 1480 δυσαπόδεικτον
1064 1416 1115 1479 καὶ
1130 1415 1247 1484 πολλοῖς
1259 1409 1464 1501 παρέχούσαν

279 1531 282 1535 ·
341 1509 439 1596 λαβὰς
460 1511 537 1574 κατὰ
562 1517 617 1576 τοῦ
649 1511 1002 1599 προ[ο]διαλεγομένου,
1026 1513 1194 1596 φάσκοντες
1219 1510 1319 1576 Πόθεν
1343 1509 1396 1576 ούν
1418 1513 1456 1578 τὰ

341 1609 437 1684 κακᾶς
500 1603 530 1679 θ.
574 1611 676 1694 φαμὲν
707 1612 745 1695 δὴ
772 1602 958 1696 θαρσαλέως
985 1610 1074 1692 ἡμεῖς
1106 1611 1149 1677 ίυς
1179 1609 1247 1677 ἑνδς
1271 1607 1357 1678 ὄντος
1380 1610 1457 1674 θεοῦ

290 1715 325 1768 1⁰
342 1711 396 1769 τοῦ
416 1707 514 1769 πάντα
535 1706 817 1792 δημιουργήσαντος
836 1708 927 1772 οὐδὲν
949 1707 1003 1790 μὲν
1029 1707 1096 1770 κατ’
1122 1705 1228 1770 οἰνσίαν
1251 1707 1366 1775 ἐντοῖς
1390 1705 1460 1770 οῦσι

340 1803 446 1881 κακόν,
459 1805 558 1867 πάντα
578 1804 613 1867 δὲ
628 1805 708 1869 καλὰ
721 1807 789 1870 λίαν
803 1806 853 1868 καὶ
869 1803 1029 1889 διαφόρως
1045 1803 1126 1867 καλὰ
1148 1803 1199 1866 καὶ
1218 1804 1295 1888 πρὸς
1319 1804 1459 1883 ποικιλας

339 1903 467 1987 χρήσεις
476 1902 757 1988 κατεσκευασμένα,
780 1903 912 1966 καὶτῶν
938 1899 1148 1984 γεγενημένων
1171 1899 1261 1964 οῦδὲν
1276 1899 1348 1967 ἄνευ
1364 1899 1457 1982 λόγου

339 1999 516 2083 γεγένηται,
548 1999 618 2061 ἀλλ’
643 2000 769 2064 ἕκαστον
799 2007 860 2062 τῶν
884 1998 999 2074 ὄντων,
1027 2003 1140 2082 μικρῶν
1170 2019 1202 2059 τε
1230 1998 1280 2060 καὶ
1305 1999 1457 2083 μεγάλων,

342 2097 373 2160 ἐν
387 2095 490 2181 έαυτηῖ
512 2095 579 2181 ἔχει
598 2101 653 2159 τοῦ
677 2097 755 2160 εῖναι
774 2099 825 2160 τδν
841 2096 945 2179 λόγον,
965 2103 1024 2160 τῶν
1043 2119 1076 2158 τε
1099 2096 1130 2158 έν
1156 2094 1280 2180 ούρανηῦ
1302 2097 1353 2159 καὶ
1372 2095 1403 2158 ἐν
1418 2099 1458 2180 τγῙ

289 2197 323 2253 ίδ
339 2200 381 2278 μή
396 2193 448 2257 καὶ
461 2193 492 2256 έν
506 2193 643 2277 θαλάττη
658 2195 765 2257 -καὶ
789 2197 893 2280 ὥσπερ
916 2193 1019 2278 ἄρτιον
1041 2194 1092 2258 καὶ
1112 2190 1282 2276 ὁλόκληρον
1306 2197 1397 2276 σῶμα
1419 2197 1458 2276 τῇ

341 2292 483 2354 συστάσει
513 2296 573 2353 τῶν
600 2298 701 2375 μερῶν
732 2293 782 2354 καὶ
815 2294 917 2374 μελῶν
949 2289 1173 2353 κατεσκεύασεν
1208 2291 1227 2372 ή
1251 2289 1382 2375 ἅρρητος
1403 2293 1456 2354 τοῦ

339 2387 417 2450 θεοῦ
442 2388 537 2471 σοφία
560 2387 632 2450 τόδε
655 2389 689 2450 τδ
713 2393 784 2468 πᾶν,
808 2390 887 2450 ῶστε
910 2384 985 2472 ὅπερ
1009 2387 1045 2450 ἂν
1070 2385 1199 2472 άφέλοις
1220 2393 1263 2472 τῷ
1285 2387 1368 2474 λόγιμ
1397 2390 1456 2450 τῶν

338 2483 514 2567 γινομένων
534 2487 577 2551 ῶς
599 2485 737 2568 περιττὸν
760 2486 811 2548 καὶ
833 2489 886 2568 τῆς
904 2485 1011 2570 χρείας
1033 2482 1210 2568 ἀλλότριον,
1233 2484 1456 2570 ἀκρωτηριάζε·

340 2581 413 2643 σθαι
433 2570 508 2644 όλον
528 2582 562 2642 τὸ
586 2585 679 2665 σῶμα
698 2583 794 2657 δοκεῖ,
818 2582 961 2666 έπειδήγε
980 2583 1014 2646 τῦ
1038 2583 1149 2644 δοκοῦν
1174 2584 1205 2645 ἐν
1228 2587 1291 2651 τοῖς
1306 2579 1375 2645 ούσι
1389 2581 1456 2644 λίαν

286 2685 324 2740 w
341 2677 608 2763 εὐκαταφρόνητον
643 2681 895 2764 συμπληρωτικὸν
925 2685 978 2764 τῆς
1011 2684 1065 2744 τοῦ
1100 2683 1243 2765 σώματος
1266 2677 1458 2762 τελειότητός

341 2775 416 2853 ἐστι,
443 2779 493 2840 καί
528 2778 619 2841 οὐδὲν
649 2777 742 2862 ἀργὸν
771 2779 802 2841 ἐν
826 2783 889 2846 τοῖς
918 2775 1002 2840 οῦσιν
1025 2776 1099 2841 οῦδὲ
1123 2778 1218 2862 μάτην
1240 2779 1365 2861 γεγονὸς
1386 2769 1457 2839 οὐδ’

340 2874 383 2942 εἰς
397 2875 569 2960 φιλοτιμίαν
581 2876 720 2960 περιττήν
731 2878 979 2960 παρεγκείμενον,
988 2873 1064 2958 μόνη
1080 2876 1114 2938 δὲ
1125 2875 1263 2958 εὐλόγως
1271 2875 1322 2938 καὶ
1336 2874 1461 2940 δικαίως

338 2971 461 3056 περιττὴ
485 2973 504 3056 ή
528 2976 588 3036 τῶν
613 2971 848 3058 ἁμαρτανόντων
878 2972 1052 3058 ἀνθρώπων
1076 2973 1179 3036 ἀδικία
1203 2974 1254 3036 καὶ
1278 2971 1404 3054 άληθῶς
1423 2991 1459 3051 γε

339 3068 431 3131 κακία
459 3072 621 3154 τυγχάνει,
652 3070 689 3133 οὐ
715 3071 774 3153 μὴν
802 3069 833 3139 ἐξ
863 3071 1001 3154 οῖνάρχου
1023 3069 1141 3144 κακίας,
1171 3069 1275 3152 ήντινα
1298 3068 1339 3149 μὴ
1361 3063 1457 3128 οὖσαν

286 3177 322 3232 θδ
341 3168 402 3232 οἰτδ
425 3168 538 3251 ταύτης
555 3190 590 3250 γε
615 3167 710 3250 οὔσης
732 3166 898 3250 ἐπενόησεν
923 3169 938 3230 6
960 3164 1079 3249 Μάνης,
1105 3169 1147 3232 ῶς
1169 3168 1185 3228 6
1213 3163 1304 3244 λόγος
1324 3159 1385 3244 ἥδη
1402 3159 1456 3240 μὲν

339 3266 451 3335 ἱκανῶς
470 3267 593 3351 ήνίίατο
617 3270 680 3333 τοῖς
702 3263 894 3348 ἔμπροσθεν,
921 3264 1013 3332 δείξει
1038 3263 1072 3324 δὲ
1100 3260 1288 3344 σαφέστερον
1314 3256 1365 3319 καί
1394 3257 1458 3323 τοῖς

339 3363 418 3446 ἑξῆς.
448 3365 495 3427 διδ
517 3365 555 3446 δή
578 3367 699 3446 πρῶτον
720 3361 790 3443 περὶ
810 3359 920 3422 τούτου
943 3357 1149 3442 διαλαβόντες,
1174 3356 1272 3422 ούτως
1297 3355 1361 3439 ὁδῷ
1383 3375 1455 3438 προ-

338 3459 546 3543 ελευσόμεθα,
569 3458 736 3524 δεικνύντες
760 3460 804 3524 ῶς
820 3455 890 3518 κατ’
914 3455 1019 3517 οὐσίαν
1039 3453 1129 3516 οῦδὲν
1152 3457 1212 3516 τῶν
1239 3450 1334 3516 ὄντων
1352 3449 1456 3528 κακόν,

339 3556 420 3619 ἀλλὰ
441 3557 501 3641 μὴν
522 3557 581 3619 ὅσα
599 3554 678 3618 κατὰ
698 3551 804 3635 γενεάν
830 3551 990 3634 οἰκονομεῖ
1012 3554 1027 3615 6
1054 3551 1136 3626 θεός,
1165 3547 1343 3634 πρεπόντως
1363 3571 1398 3633 γε
1417 3571 1454 3634 τη

285 3663 324 3718 δῦ
341 3653 454 3718 ἑαυτοῦ
478 3653 574 3738 σοφίης
603 3652 655 3714 καί
683 3647 903 3733 συμφερόντως
924 3649 1082 3733 οἰκονομεῖ
1108 3651 1172 3716 τοῖς
1196 3647 1272 3732 ὑπὲρ
1296 3645 1339 3710 ιῦν
1361 3651 1458 3711 ταῦτα

337 3753 430 3812 ποιεῖ.
485 3748 515 3820 δ,
549 3748 665 3831 κόσμον
689 3745 787 3808 τοίνυν
808 3745 1031 3809 κατεσκεύασεν
1052 3748 1068 3809 6
1090 3745 1163 3814 θεδς
1182 3746 1233 3808 καὶ
1255 3744 1324 3828 περὶ
1346 3744 1456 3808 τούτου

337 3847 415 3931 πρδς
437 3846 492 3914 οῦς
516 3849 532 3910 6
556 3844 651 3927 ’λόφος
680 3844 717 3907 ού
744 3843 1002 3929 διαχειμάζονται.
1048 3844 1076 3906 εἰ
1101 3841 1158 3926 γὰρ
1187 3843 1225 3928 δὴ
1249 3843 1299 3905 καὶ
1322 3842 1366 3910 εἰς
1385 3840 1456 3904 ἀκο-

331 3944 429 4027 Ισμίαν
451 3943 578 4028 κόσμιον
596 3941 669 4006 ὄντα
687 3944 739 4006 τδν
759 3941 874 4024 κόσμον
897 3939 1152 4025 μεταβάλλουσιν,
1176 3939 1257 4002 ἀλλά
1277 3961 1312 4021 γε
1332 3939 1405 4024 περί
1424 3961 1457 4002 τε

337 4039 452 4126 τρόπου
482 4042 533 4104 καί
559 4045 613 4124 τῆς
646 4040 744 4108 αἰτίας
773 4044 827 4103 τοῦ
857 4037 1001 4121 γενέσθαι
1035 4040 1233 4122 ύμολογοῦσι.
1283 4035 1382 4123 τούτῳ
1417 4039 1455 4123 δή

287 4147 322 4206 δδ
341 4139 436 4225 μέρος
459 4140 514 4223 μὲν
534 4137 608 4202 όντα
628 4142 683 4200 τοῦ
704 4134 827 4215 παντός,
851 4135 937 4218 όμως
957 4136 993 4198 δὲ
1014 4135 1141 4217 πολίτην
1157 4133 1321 4218 ἐπιστήσας
1336 4137 1456 4219 λογικὸν

337 4237 388 4300 τδν
412 4235 576 4324 ἄνθρωπον
602 4237 618 4299 6
638 4233 722 4312 θεός,
747 4232 785 4295 τὰ
807 4233 861 4317 μὲν
885 4232 966 4296 ἄλλα
989 4233 1047 4296 όοα
1071 4232 1235 4316 μήτεπρὸς
1255 4232 1365 4316 ἀρετήν
1381 4235 1457 4318 μήτε

337 4335 415 4416 πρὸς
435 4334 542 4397 κακίαν
563 4333 623 4415 δρᾷ
643 4329 746 4416 ἑαυτῷ
764 4331 926 4415 τετήρηκεν
952 4331 1141 4414 οἰκονομεῖν,
1171 4329 1281 4413 ἀρετήν
1303 4331 1338 4397 δὲ
1362 4329 1456 4414 μόνον

337 4430 358 4512 ἡ
379 4430 486 4495 κακίαν
507 4427 555 4492 ἐπ’
579 4429 665 4514 αύτιγῖ
687 4427 765 4492 εἶναι
788 4429 950 4513 πεποίηκε,
971 4432 1010 4511 τή
1029 4426 1120 4512 φύσει
1135 4425 1295 4511 προενθείς
1308 4427 1456 4512 ἑκατέρου

339 4527 393 4610 τήν
414 4530 535 4609 γνῶσιν,
567 4527 617 4589 ίνα
640 4527 807 4612 δφθαλμοῦ
832 4526 917 4609 δίκην
947 4524 1056 4609 ταύτην
1086 4521 1279 4608 ἐπαγόμενος
1300 4524 1337 4588 οῦ
1363 4523 1456 4608 μόνον
