3517 5434
387 733 423 785 4⁰
722 731 813 800 Λόγος
831 731 846 785 ὃ
864 732 965 804 κρατὴρ
983 729 1000 801 ἢ
1017 730 1110 801 μονάς.
1344 757 1397 806 cap.
1418 740 1444 790 4.

387 888 497 968 αὐτῆς,
519 888 589 953 ἐπεὶ
610 883 695 973 ἀρχή
717 893 787 952 εστι
808 892 874 952 τῶν
896 893 1022 977 ἑτέρων.
1061 884 1145 968 αὕτη
1167 885 1232 976 γάρ
1255 895 1351 970 ἐστιν,
1374 895 1444 958 ἐπεὶ

385 994 433 1083 μὴ
447 995 550 1078 ἀλλης
565 995 669 1084 ἀρχῆς
683 999 793 1083 ἔτυχεν
808 988 908 1064 οὖσα·
931 994 1037 1084 μονάς
1053 989 1112 1065 οὖν
1132 994 1217 1084 ἀρχὴ
1234 991 1318 1068 οὖσα
1332 999 1442 1068 πάντα

341 1106 371 1162 'l
387 1104 539 1201 ἀρμθμδν
555 1112 739 1196 ἐμπεριέχει,
754 1105 818 1173 ὑπὸ
833 1105 976 1192 μηδενὸς
990 1115 1251 1198 ίμαεριεγομίνη,
1265 1115 1320 1178 καὶ
1332 1111 1442 1178 πάντα
1461 1129 1475 1179 3

387 1215 539 1307 ἀριθμὸν
560 1221 669 1303 γεννᾷ,
690 1216 754 1285 ὑπὸ
776 1214 918 1304 μηδενὸς
940 1225 1125 1307 γεννωμένη
1148 1225 1259 1310 ἑτέρον
1281 1220 1441 1310 ἀριθμοῦ.

322 1332 360 1400 11
386 1333 455 1395 πᾶν
476 1332 512 1396 δὲ
532 1328 572 1396 τὸ
594 1327 798 1416 γεννώμενον
821 1327 933 1406 ἀτελὲς
954 1333 1010 1396 καὶ
1033 1334 1198 1420 διαίρετον
1220 1337 1276 1398 καὶ
1299 1330 1441 1412 αὐξιγτὸν

385 1445 443 1508 καὶ
463 1439 619 1529 μειωτόν,
640 1444 687 1525 τῷ
710 1442 743 1506 δὲ
766 1443 877 1524 τελείῳ
900 1439 994 1507 οὐδὲν
1016 1441 1140 1508 τούτων
1162 1446 1303 1528 γίνεται·Ι
1324 1448 1380 1509 καὶ
1403 1440 1474 1512 adt

384 1558 445 1639 μὲν
467 1548 610 1634 αὐξητόν
632 1549 809 1631 αὐξάνεται
831 1547 898 1616 ἀπὸ
922 1555 981 1632 τῆς
1001 1552 1157 1639 μονάδος,
1180 1553 1390 1621 ἀναλίσκεται
1406 1558 1441 1620 δὲ

385 1659 450 1730 ὑπὸ
472 1667 531 1744 τῆς
553 1661 657 1729 αὐτοῦ
678 1660 868 1741 ἀσθενείας,
890 1669 1005 1745 μηκέτι
1027 1662 1211 1750 δυνάμενον
1233 1663 1294 1746 τὴν
1307 1663 1440 1750 μονάδα

381 1777 541 1863 χωρῆσαι.
1425 1819 1427 1822 -
1458 1797 1474 1845 9

451 1882 547 1966 Αὕτη
570 1878 631 1954 οὖν
645 1907 710 1969 σοι,
733 1877 759 1950 ὦ
782 1882 860 1966 Τάτ,
883 1880 968 1952 κατά
984 1882 1023 1952 τὸ
1039 1884 1182 1955 δυνατὸν
1196 1885 1441 1974 ὑπογέγραπται

384 2001 445 2064 τοῦ
466 1999 554 2064 θεοῦ
576 1995 680 2078 είκοίν,
710 1992 753 2078 ἣν
781 1995 924 2085 ἀκριβῶς
947 2004 974 2064 εὶ
1001 1996 1111 2090 θεάσῃ
1137 2002 1193 2065 καὶ
1221 1997 1350 2079 νοήσεις
1371 2008 1441 2076 τοῖς

383 2110 443 2189 τῆς
465 2111 603 2196 καρδίας
626 2107 831 2198 ὀφθαλμοῖς,
852 2105 1030 2176 πίστενσόν
1051 2133 1123 2194 μοι,
1146 2115 1274 2190 τέκνον,
1297 2107 1441 2198 εὑρήσεις
1459 2133 1492 2182 12

384 2217 446 2299 τὴν
467 2214 551 2304 πρὸς
572 2215 614 2284 τά
637 2214 706 2284 άνοι
729 2215 827 2286 ὁδόν·
849 2222 1029 2304 μᾶλλονδὲ
1051 2217 1136 2301 αὐτή
1152 2219 1224 2301 σεὴ
1248 2217 1340 2288 εὶκάν
1362 2220 1440 2302 ὁδη·

384 2327 487 2414 γήσει.
533 2331 596 2413 ἔχει
618 2327 683 2416 γάρ
706 2353 738 2393 τι
759 2330 843 2395 ίδιον
864 2329 887 2410 ἡ
911 2334 995 2396 θέα·
1025 2326 1102 2408 τοὺς
1125 2327 1332 2420 φθάσαντας
1354 2329 1440 2399 θεά-

385 2443 519 2507 σασθαι
539 2445 666 2525 κατέχει
687 2443 744 2507 καὶ
765 2438 906 2522 ἀνέλκει,
928 2439 1086 2532 καθάπερ
1110 2447 1215 2531 φασὶν
1237 2442 1258 2525 ἡ
1280 2447 1440 2530 μαγνῆτις
1459 2471 1491 2520 15

387 2554 488 2629 λίθος
510 2547 570 2618 τὸν
592 2553 737 2641 σίδηρον.
1398 2551 1400 2558 ’

456 2732 480 2783 l.
499 2729 566 2798 luel]
585 2734 609 2784 εί
619 2751 647 2800 γε
660 2732 731 2784 Stob.
793 2733 817 2784 l.
837 2734 863 2786 2.
877 2731 946 2803 αὕτη
956 2761 988 2771 -
1000 2724 1069 2787 οὖσα
1081 2755 1131 2786 om.
1145 2735 1215 2796 stab.
1251 2733 1277 2785 2.
1297 2727 1367 2787 οὖσα
1384 2747 1440 2784 ante

453 2814 554 2884 πάντα]
574 2821 619 2870 καὶ
637 2817 683 2869 ΑΒ
703 2818 781 2872 Turn.
800 2820 882 2872 Flusa.
933 2819 957 2870 4.
976 2823 1103 2890 γενομένη
1123 2824 1153 2874 Α.
1195 2819 1281 2873 6-9.
1300 2823 1345 2872 καλ
1362 2820 1440 2872 τδ-

450 2905 572 2975 χωρῇσαι
589 2927 641 2958 om.
658 2907 729 2959 Stob.
837 2906 864 2960 7.
885 2901 954 2970 ἀπὸ]
980 2903 1032 2958 tat
1050 2907 1117 2960 Patr.
1137 2901 1151 2974 ll
1205 2902 1386 2972 ἀναλίσκεται]
1405 2905 1439 2956 εἰς

452 2990 528 3054 Patr,
548 2989 684 3046 ἁλίσκεται
701 2992 801 3062 reliqui.
875 2993 917 3046 10.
937 2983 984 3045 οὗν
1006 3013 1056 3044 om.
1080 2993 1126 3044 AB
1146 2994 1224 3044 Turn.
1242 2993 1324 3047 Fluss.
1346 2988 1359 3060 ll
1396 3011 1440 3045 σοι

452 3097 502 3129 om.
522 3078 592 3130 Stob.
612 3094 636 3130 et
653 3079 726 3149 ponit
742 3093 799 3148 post
817 3076 939 3131 δυνατὸν.
1014 3077 1054 3129 ld.
1073 3077 1124 3148 γάρ
1143 3097 1193 3130 om.
1212 3079 1278 3128 Patr.

383 3230 452 3285 nihil
474 3241 530 3299 est,
555 3233 716 3309 principium
739 3240 828 3286 autem
851 3249 884 3285 ex
902 3227 976 3284 nullo
995 3226 1063 3295 alio,
1086 3247 1165 3302 qnam
1184 3247 1218 3286 ex
1236 3247 1265 3282 se
1283 3230 1358 3302 ipso,
1380 3247 1440 3282 nam

383 3316 496 3373 aliorum
515 3327 557 3372 est
575 3319 746 3392 principium.
785 3317 874 3389 ipsum
897 3331 1010 3384 namque
1029 3321 1084 3377 est,
1103 3311 1318 3385 quandoquidem
1336 3312 1368 3364 ab
1387 3311 1439 3366 alio

382 3404 517 3477 principio
536 3420 590 3454 uon
610 3409 663 3466 eat;
680 3417 773 3452 monas
792 3416 854 3469 ergo
868 3397 929 3470 quia
942 3396 1103 3469 principium
1116 3403 1166 3460 est,
1185 3413 1289 3450 omnem
1302 3416 1439 3452 numerum

383 3485 580 3561 complectitur,
599 3481 707 3538 anullo
727 3490 859 3546 contenta,
879 3489 907 3534 et
925 3497 1029 3533 omnem
1041 3497 1177 3534 numerum
1196 3489 1311 3554 generat,
1331 3503 1344 3537 a
1363 3483 1437 3538 nullo

382 3572 470 3645 genita
489 3569 542 3625 alio
561 3587 680 3624 numero.
705 3586 783 3621 omne
802 3574 889 3619 autem
907 3566 1023 3638 genitum
1042 3564 1225 3638 imperfectum
1243 3576 1285 3621 est
1303 3577 1330 3622 et
1348 3569 1438 3624 divisi-

382 3656 447 3723 bile,
465 3664 604 3730 augmenta
622 3653 719 3727 recipit
737 3661 764 3706 et
783 3650 947 3719 diminuitur,
964 3649 1085 3728 perfecto
1098 3661 1185 3708 autem
1197 3652 1291 3709 horum
1310 3654 1376 3710 nihil
1394 3655 1437 3726 fit;

383 3752 410 3796 et
429 3741 501 3815 quod
519 3742 609 3815 augeri
627 3747 728 3814 potest,
747 3746 857 3810 augetur
875 3760 890 3794 a
908 3737 1029 3806 monade,
1049 3741 1214 3796 consumitur
1232 3751 1319 3797 autem
1337 3743 1371 3797 ab
1389 3762 1437 3798 sua

383 3825 575 3891 imbecillitate,
595 3844 655 3880 cum
673 3842 728 3878 non
746 3823 859 3900 amplius
877 3825 1017 3882 monadem
1037 3846 1131 3904 capere
1149 3825 1243 3884 valeat.

436 3910 509 3967 Haec
527 3912 608 3984 igitur
625 3909 684 3976 tibi,
703 3929 720 3964 ο
732 3908 792 3978 Tat,
811 3921 937 3986 quantum
955 3922 1047 3989 potest
1065 3912 1198 3989 descripta
1217 3923 1258 3970 est
1276 3912 1319 3968 dei
1337 3914 1439 3985 imago;

385 4017 463 4071 quam
482 3997 506 4050 ai
524 4003 617 4050 exacte
635 3996 762 4065 intueare,
782 4007 809 4052 ct
825 3997 961 4072 intelliges
975 3999 1066 4054 cordis
1085 3998 1180 4066 oculis,
1200 3997 1279 4053 crede
1297 3996 1370 4062 mihi,
1388 3996 1437 4064 lili,

385 4091 412 4135 et
430 4081 549 4136 iuvenies
572 4080 605 4137 ad
623 4102 720 4159 nupera
742 4084 826 4154 viam;
847 4083 892 4139 vel
915 4086 1005 4159 potius
1030 4084 1096 4140 haec
1118 4087 1177 4160 ipsa
1200 4085 1285 4158 imago
1304 4091 1331 4135 te
1349 4080 1435 4136 ducet.

384 4166 466 4222 habet
484 4176 571 4223 autem
590 4167 716 4244 quiddam
733 4168 869 4246 peculiare
887 4169 940 4224 hoc
957 4168 1152 4246 spectaculum
1176 4177 1206 4223 ut
1224 4169 1270 4242 qui
1293 4165 1326 4222 ad
1348 4169 1436 4244 ipsum

384 4252 558 4330 spectandum
579 4257 762 4330 pervenerint,
786 4274 833 4312 οοε
857 4253 974 4310 detineat
993 4265 1019 4310 et
1037 4253 1164 4320 attrahat,
1187 4254 1266 4310 sicuti
1290 4254 1363 4308 aiunt
1385 4273 1437 4307 ma-

384 4349 489 4414 gnetem
507 4338 623 4417 lapidem
642 4340 774 4396 attrahere
791 4339 897 4396 ferrum.

803 4465 1012 4474 m*-
