3517 5434
849 679 909 740 ¹⁰⁵
1326 687 1437 766 Γνηνίι·

322 840 469 927 θεότητος
488 843 541 906 καὶ
562 840 666 920 αδτόν,
687 844 739 908 καὶ
759 843 819 931 οδχ
841 847 885 914 ὥς
905 841 1089 930 γεννηθέντα
1113 844 1148 908 ἐκ
1167 841 1324 930 θεότητος,
1346 844 1436 931 ήρνή-

322 961 398 1002 σατο
419 939 471 1002 τδν
495 937 597 1023 λόγον,
619 943 773 1026 ήρνήσατο
793 943 847 1027 τὴν
869 942 993 1028 σοφίαν,
1013 941 1157 1006 ἀπιόλεσε
1178 943 1230 1027 τὴν
1251 947 1361 1026 γνῶσιν
1382 943 1436 1027 τὴν

321 1038 391 1122 περὶ
412 1036 499 1116 θεοῖ,
521 1037 688 1102 κατέπεσεν
710 1039 754 1109 είς
770 1041 804 1104 τδ
826 1039 927 1124 σέβειν
949 1039 1001 1122 τήν
1022 1037 1125 1120 κτίσιν,
1142 1039 1311 1127 κατέλαβεν
1325 1037 1436 1126 Ἐλλή-

245 1189 251 1200 ,
321 1157 382 1199 νων
406 1134 562 1221 ἀσέβειαν,
585 1135 635 1198 ίπί
656 1136 768 1222 ταύτην
792 1135 1000 1222 ὑπέστρεψεν,
1029 1136 1081 1220 τήν
1107 1135 1267 1201 Ἰουδαίων
1299 1138 1437 1204 ἀπιστίαν

322 1232 505 1320 δμιμήσατο,
527 1234 558 1298 οδ
577 1234 628 1296 τδν
649 1233 684 1298 έκ
702 1234 779 1298 θεοῦ
797 1235 888 1318 λόγον
909 1236 973 1298 υίδν
994 1234 1184 1318 ἀνθρώπινον
1204 1236 1470 1321 ὑπολαμβάνοντι

320 1354 370 1401 τες
397 1331 471 1395 θεδν
499 1329 578 1395 εἶναι
601 1335 708 1395 τοότον
738 1332 795 1397 οδκ
818 1332 998 1396 ἐπίστευσαν
1024 1331 1099 1396 οίιδὲ
1124 1331 1200 1396 θεοῦ
1226 1334 1291 1396 υίδν
1316 1333 1437 1416 ιδμολό-

320 1450 435 1514 γησαν·
460 1428 572 1514 ἀσεβθς
594 1429 630 1494 δδ
652 1430 703 1518 τδν
725 1435 780 1496 τοῦ
803 1430 880 1494 θεοῦ
903 1430 993 1514 λόγον
1018 1433 1060 1499 ὡς
1080 1430 1271 1515 ἀνθρώπινον
1288 1435 1368 1494 νοεῖν
1386 1432 1438 1496 καί

320 1526 359 1591 τὰ
381 1525 458 1610 ἔργα
479 1524 517 1589 τὰ
539 1526 578 1590 δι’
602 1525 698 1590 αὐτοῦ
721 1528 863 1612 μένοντα,
887 1528 928 1612 μὴ
954 1526 1098 1612 μένοντος
1121 1527 1226 1593 αὐτοῦ.
1261 1527 1314 1592 ἐόν
1338 1527 1373 1592 δέ
1395 1551 1439 1598 τις

322 1625 393 1711 εἴπῃ
429 1623 634 1709 κολουόμενον
668 1624 718 1689 διὰ
750 1630 805 1690 τοῦ
837 1624 930 1708 λόγου
959 1624 1010 1688 τδν
1041 1626 1163 1713 χριστόν
1194 1625 1376 1710 ἐργάζεσθαι
1400 1624 1438 1690 τὰ

320 1725 430 1801 πάντα,
447 1723 498 1786 καὶ
517 1723 569 1786 τδν
587 1726 642 1786 τοῦ
659 1722 737 1788 θεοῖ
757 1721 849 1806 λόγον
868 1723 962 1808 ἀργόν
983 1723 1106 1808 ποιήσει
1121 1723 1172 1787 καὶ
1187 1724 1240 1808 τὴν
1256 1727 1310 1788 τοῖν
1327 1721 1435 1787 δεσπό-
1455 1735 1488 1789 10

320 1843 376 1885 του
398 1819 479 1891 τάξιν
501 1820 546 1889 είς
566 1818 710 1884 δουλείαν
732 1819 916 1904 μεταθήσει·
943 1820 1055 1885 δοῦλον
1074 1819 1132 1906 γάρ
1155 1821 1236 1885 ἅπαν
1258 1821 1292 1885 τό
1313 1819 1437 1886 κελευό-

322 1942 413 2005 μενον
440 1919 492 1983 καῖ
523 1918 558 1982 τδ
588 1919 707 1983 κτιστδν·
737 1916 798 2003 οδχ
827 1918 930 1983 ίκσνδν
959 1918 1003 1987 είς
1023 1918 1057 1982 τδ
1079 1919 1205 1992 κτίζειν·
1241 1916 1277 1982 οδ
1300 1917 1358 2003 γάρ
1382 1916 1437 1988 έζι·

322 2016 498 2102 σωθήσεται
525 2021 570 2103 τηῖ
596 2016 729 2080 κτίσαντι
758 2014 833 2079 αότδ
860 2015 928 2080 κατ’
957 2015 1071 2082 σόδένα
1094 2017 1226 2100 τρόπον,
1256 2013 1295 2078 ἵν’
1321 2018 1364 2084 ὥς
1385 2016 1434 2080 ὑπ’

321 2115 440 2178 ἐκείνου
462 2111 605 2191 ἔκτισται,
626 2113 708 2178 οότω
730 2115 782 2177 καὶ
805 2111 879 2178 αότδ
904 2113 990 2199 κτίσῃ
1012 2112 1050 2178 τὰ
1072 2113 1162 2179 ἄλλα.
1196 2115 1285 2178 πάλιν
1307 2113 1342 2178 δέ
1365 2113 1436 2178 όταν

320 2213 371 2276 καὶ
390 2213 425 2276 τδ
446 2216 568 2297 πνεῦμα
589 2213 623 2276 τδ
647 2211 734 2295 άγιον
758 2209 829 2296 είπῃ
852 2231 897 2279 τις
918 2210 1104 2296 ἡγιασμένον
1127 2209 1205 2276 εἶναι
1224 2212 1360 2296 ποίημα,
1386 2210 1435 2275 οό-
1455 2221 1488 2274 ιδ

320 2309 384 2375 κέτι
403 2309 442 2373 τά
463 2309 562 2373 πάντα
583 2310 745 2393 δυνήσεται
766 2314 847 2374 νοεῖν
871 2309 904 2374 δν
926 2309 1074 2394 πνεύματι
1093 2307 1291 2394 ἁγιαζόμενα.
1340 2310 1356 2374 ό
1379 2307 1436 2394 γὰρ

320 2405 353 2471 δν
377 2407 507 2491 ἁγιάσας
527 2406 647 2490 ἁγιάζει
667 2406 719 2470 καὶ
740 2405 779 2469 τὰ
799 2408 908 2471 πάντα.
955 2407 1092 2493 ἀρνεῖται
1115 2404 1169 2470 οὖν
1191 2406 1244 2492 τὴν
1270 2411 1323 2492 τῆς
1347 2407 1437 2490 ἁγιω·

321 2505 413 2590 σόνης
434 2505 545 2589 πηγήν,
564 2506 598 2568 τδ
618 2507 743 2587 πνεῦμα
759 2506 794 2568 τδ
815 2504 912 2588 άγιυν,
933 2508 949 2572 ό
971 2505 1112 2591 ἀφαιρῶν
1135 2504 1230 2569 αότοιῖ
1243 2507 1277 2570 τδ
1292 2504 1437 2588 ἁγιάζειν,

319 2603 371 2668 καί
392 2602 588 2686 συναριθμιῖν
613 2599 689 2664 αδτδ
712 2603 803 2686 πατρί
821 2605 873 2668 καὶ
897 2605 955 2690 υίιρῖ
975 2601 1203 2688 κωλυθήσεται.
1234 2604 1286 2668 καί
1302 2605 1336 2668 τδ
1352 2602 1437 2686 άγιον

321 2702 357 2766 δδ
385 2702 540 2788 βάπτισμα
569 2698 677 2762 ἀθετεῖ
700 2699 752 2762 καὶ
780 2698 883 2765 οόκέτι
910 2701 1019 2786 τριάδα
1049 2701 1238 2786 ὁμολογήσει
1266 2701 1320 2785 τὴν
1349 2699 1436 2784 ἁγίαν
1453 2711 1488 2765 δυ

320 2799 371 2863 καὶ
399 2797 574 2885 σεβάσμιον.
617 2795 720 2881 ήγὰρ
745 2795 776 2858 ἐν
800 2805 917 2882 φυσικῇ
948 2797 1021 2882 δόξῃ
1055 2797 1106 2862 καὶ
1128 2797 1264 2882 ἀληθινή
1285 2798 1339 2882 τὴν
1363 2797 1437 2881 ὅλην

319 2896 428 2983 τριάδα
457 2891 584 2976 νοητέον
606 2893 626 2977 ή
649 2893 771 2978 μονάδα
795 2893 846 2957 καὶ
869 2891 972 2958 υόκέτι
991 2895 1100 2978 τριάδα
1123 2895 1222 2978 λέγειν
1245 2894 1437 2978 ἀναγκασθη-

321 2991 442 3076 σόμεθα
466 2991 487 3076 ή
510 2991 552 3075 μὴ
575 2990 773 3075 συναριθμιῖν
799 2995 843 3075 τῷ
863 2991 966 3076 κτίστῃ
991 2990 1029 3054 τὰ
1050 2990 1154 3056 κτιστά
1177 2992 1335 3076 ποιήματα
1358 2991 1438 3076 μηδέ

320 3097 365 3177 τηῖ
384 3087 518 3172 δεσπότῃ
539 3093 600 3152 τῶν
624 3088 706 3154 όλων
728 3088 767 3154 τά
786 3087 935 3172 κτίσματα
956 3088 1036 3172 μηδὲ
1057 3091 1102 3174 τιγῖ
1122 3087 1276 3170 ἁγιάζοντι
1294 3088 1332 3153 τά
1354 3089 1437 3172 ἁγια-

321 3189 445 3273 ζόμενα,
464 3185 539 3273 [M]
559 3187 663 3273 ὥσπερ
685 3187 762 3252 οὐδὲ
780 3191 820 3271 πή
837 3183 937 3269 τριάδι
951 3184 1184 3270 συναριθμεῖταί
1194 3209 1221 3250 τι
1233 3189 1292 3249 τῶν
1305 3187 1436 3270 ποιημά-
1454 3195 1488 3250 25

320 3309 392 3363 των,
416 3283 488 3351 ἀλλ’
511 3283 561 3348 ἐπ’
584 3283 712 3369 ὀνόματι
731 3288 785 3369 τῆς
806 3283 894 3366 ἁγίας
913 3282 1036 3367 τριάδος
1054 3282 1088 3346 τδ
1113 3281 1267 3368 βάπτισμα
1279 3283 1362 3367 καλὴ
1377 3283 1437 3347 ἀπί-

319 3387 427 3469 κλησις
450 3385 502 3448 καὶ
522 3384 541 3468 ἡ
564 3382 700 3469 λατρεία.
746 3382 775 3447 εί
796 3380 854 3466 γὰρ
872 3385 954 3464 τρεῖς
972 3379 1005 3443 αί
1026 3378 1124 3457 δόξαι,
1145 3383 1226 3465 τρεῖς
1247 3381 1279 3444 οιί
1299 3381 1439 3464 λατρείαν

320 3481 512 3566 γινέσθωσαν
535 3480 621 3566 παρά
641 3483 705 3550 τοῖς
727 3479 849 3567 ἀσεβῶς
870 3476 1072 3562 τὰντίοματα
1086 3476 1270 3564 σέβουσι[ν]·
1293 3477 1321 3542 εί
1334 3479 1438 3563 διῃρη-

322 3579 400 3666 μένα
426 3577 464 3642 τὰ
491 3584 544 3663 τῆς
565 3577 836 3663 πρυσκυνουμένης
855 3575 999 3663 φύσεως,
1034 3576 1206 3662 διῃρημένα
1227 3577 1279 3642 καί
1299 3575 1364 3660 [τὰ]
1385 3581 1439 3662 τῆς

320 3677 559 3764 προσκυνήσεως
588 3675 667 3741 ἔστω
692 3675 766 3760 παρ’
793 3674 913 3752 αὐτοῖς,
944 3673 1013 3738 ἀλλ’
1037 3672 1112 3738 οόδὲ
1134 3673 1211 3760 μετὰ
1231 3678 1285 3740 τοῦ
1309 3675 1435 3740 αἰωνίου
1453 3683 1489 3740 30

320 3776 358 3841 τὰ
376 3775 543 3864 πρόσφατα
560 3772 858 3857 προσκυνηθήσεται.
901 3769 1081 3856 πρόσφατον
1101 3767 1158 3858 γὰρ
1181 3772 1261 3837 ἁπαν
1282 3774 1316 3838 τδ
1338 3774 1437 3861 ἀρχὴν

322 3872 460 3961 εἰληφός,
482 3871 588 3955 ἐπειδὴ
608 3868 705 3938 πολδς
723 3869 776 3933 καὶ
794 3867 927 3954 ἁμετρος
947 3869 1037 3954 όπρδ
1052 3873 1112 3934 τῶν
1127 3871 1249 3936 αίιίινων
1269 3875 1291 3954 [.
1306 3918 1314 3936 .
1328 3918 1336 3937 .
1349 3876 1384 3956 .].
1420 3873 1436 3938 δ

321 3972 420 4036 τοίνυν
444 3970 543 4055 ἀρχήν
566 3989 633 4032 τινα
654 3965 775 4053 χρόνων
797 3970 851 4050 τῆς
871 3970 928 4030 τοῦ
951 3966 1020 4030 υίοδ
1041 3970 1124 4050 ζωῆς
1143 3967 1195 4030 καὶ
1210 3973 1264 4053 τῆς
1276 3974 1331 4034 τοῦ
1348 3969 1436 4053 ἁγίου

320 4069 494 4154 πνεόματος
516 4064 736 4149 ὑποτιθέμενος
756 4065 884 4150 χωρίζει
906 4063 984 4128 κατὰ
1004 4063 1114 4130 ταότδν
1137 4068 1191 4148 τῆς
1214 4066 1291 4150 μετὰ
1310 4071 1365 4132 τοῦ
1382 4089 1437 4131 πα-

321 4168 391 4253 τρδς
416 4164 670 4251 συναριθμήσειυς
697 4165 750 4230 τδν
773 4163 838 4226 υίδν
859 4163 911 4226 καὶ
933 4164 967 4228 τδ
990 4166 1122 4246 πνεῦμα.
1167 4163 1218 4226 δεῖ
1238 4165 1307 4250 γάρ,
1331 4165 1435 4250 ὥσπερ
1454 4175 1489 4232 δδ

205 4280 210 4287 ·
323 4265 394 4347 μίαν
421 4263 475 4347 τὴν
502 4261 593 4333 δόξαν
616 4263 848 4346 ὁμολογοῖμεν,
879 4259 979 4329 οὕτως
999 4259 1050 4324 καὶ
1073 4261 1142 4346 μίαν
1165 4260 1219 4344 τἠν
1240 4260 1347 4325 οὐσίαν
1369 4259 1438 4345 ήτοι

321 4361 455 4445 θεότητος
476 4361 527 4424 καὶ
547 4361 618 4444 μίαν
636 4361 690 4444 τὴν
713 4359 890 4445 ἀειδιότητοι
910 4361 964 4441 τῆς
984 4358 1107 4442 τριάδος
1128 4359 1302 4442 ὁμολογεῖν.
1344 4357 1437 4444 κεφά-

322 4459 409 4522 λαιον
429 4457 465 4521 δδ
487 4461 541 4541 τῆς
561 4458 714 4543 σωτηρίας
728 4459 817 4541 ἡμῶν
837 4458 929 4540 ήτοῖι
947 4454 1041 4537 λόγου
1059 4455 1219 4541 σάρκωσις.
1254 4453 1437 4540 πιστεύομεν

322 4553 376 4619 οδν
396 4554 608 4619 ἀναλλοιιίντου
631 4555 784 4641 μενοόσης
804 4557 857 4639 τῆς
870 4552 1019 4638 θεότητος
1032 4554 1087 4639 τὴν
1105 4554 1257 4639 σάρκωσιν
1273 4551 1436 4638 τοῦλόγου
