<?xml version="1.0" encoding="UTF-8"?>
<!DOCTYPE html PUBLIC "-//W3C//DTD XHTML 1.0 Transitional//EN"
    "http://www.w3.org/TR/xhtml1/DTD/xhtml1-transitional.dtd">
<html xmlns="http://www.w3.org/1999/xhtml" xml:lang="en" lang="en">
 <head>
  <title>
</title>
<meta http-equiv="Content-Type" content="text/html;charset=utf-8" />
  <meta name='ocr-system' content='tesseract 3.04.00' />
  <meta name='ocr-capabilities' content='ocr_page ocr_carea ocr_par ocr_line ocrx_word'/>
</head>
<body>
  <div class='ocr_page' id='page_1' title='image "./poemander00trisgoog_0034.png"; bbox 0 0 3517 5434; ppageno 0'>
   <div class='ocr_carea' id='block_1_1' title="bbox 391 671 1447 756">
    <p class='ocr_par' dir='ltr' id='par_1_1' title="bbox 391 671 1447 756">
     <span class='ocr_line' id='line_1_1' title="bbox 391 671 1447 756; baseline 0.015 -32"><span class='ocrx_word' id='word_1_1' title='bbox 391 671 409 724; x_wconf 86' lang='lat'><strong>8</strong></span> <span class='ocrx_word' id='word_1_2' title='bbox 827 673 1004 752; x_wconf 77' lang='grc' dir='ltr'><strong><em>Ποιμάνάρης.</em></strong></span> <span class='ocrx_word' id='word_1_3' title='bbox 1347 705 1400 756; x_wconf 83' lang='lat' dir='ltr'><strong>cap.</strong></span> <span class='ocrx_word' id='word_1_4' title='bbox 1421 688 1447 741; x_wconf 92' lang='lat' dir='ltr'><strong><em>l.</em></strong></span> 
     </span>
    </p>
   </div>
   <div class='ocr_carea' id='block_1_2' title="bbox 318 822 1496 3262">
    <p class='ocr_par' dir='ltr' id='par_1_2' title="bbox 392 822 1480 1359">
     <span class='ocr_line' id='line_1_2' title="bbox 392 822 1446 925; baseline 0.015 -34"><span class='ocrx_word' id='word_1_5' title='bbox 392 824 570 902; x_wconf 82' lang='grc' dir='ltr'><strong><em>ἀθάνατος</em></strong></span> <span class='ocrx_word' id='word_1_6' title='bbox 595 822 660 915; x_wconf 75' lang='grc' dir='ltr'><strong><em>γάρ</em></strong></span> <span class='ocrx_word' id='word_1_7' title='bbox 689 824 735 896; x_wconf 85' lang='grc' dir='ltr'><strong><em>ών</em></strong></span> <span class='ocrx_word' id='word_1_8' title='bbox 761 832 818 897; x_wconf 82' lang='grc' dir='ltr'><strong><em>καί</em></strong></span> <span class='ocrx_word' id='word_1_9' title='bbox 844 829 979 902; x_wconf 84' lang='grc' dir='ltr'><strong><em>πάντων</em></strong></span> <span class='ocrx_word' id='word_1_10' title='bbox 1005 829 1067 915; x_wconf 79' lang='grc' dir='ltr'><strong><em>τὴν</em></strong></span> <span class='ocrx_word' id='word_1_11' title='bbox 1095 833 1247 916; x_wconf 82' lang='grc' dir='ltr'><strong><em>ίξουσίαν</em></strong></span> <span class='ocrx_word' id='word_1_12' title='bbox 1274 840 1370 925; x_wconf 72' lang='grc' dir='ltr'><strong><em>ἔχων,</em></strong></span> <span class='ocrx_word' id='word_1_13' title='bbox 1404 837 1446 906; x_wconf 86' lang='grc' dir='ltr'><strong><em>τά</em></strong></span> 
     </span>
     <span class='ocr_line' id='line_1_3' title="bbox 392 933 1447 1041; baseline 0.018 -40"><span class='ocrx_word' id='word_1_14' title='bbox 392 933 507 1018; x_wconf 77' lang='grc' dir='ltr'><strong><em>θνητά</em></strong></span> <span class='ocrx_word' id='word_1_15' title='bbox 540 933 658 1025; x_wconf 80' lang='grc' dir='ltr'><strong><em>πάσχει</em></strong></span> <span class='ocrx_word' id='word_1_16' title='bbox 683 937 881 1027; x_wconf 85' lang='grc' dir='ltr'><strong><em>ὑποκείμενα</em></strong></span> <span class='ocrx_word' id='word_1_17' title='bbox 914 947 954 1036; x_wconf 78' lang='grc' dir='ltr'><strong><em>τῇ</em></strong></span> <span class='ocrx_word' id='word_1_18' title='bbox 981 951 1166 1041; x_wconf 76' lang='grc' dir='ltr'><strong><em>εἱμαρμένῃ.</em></strong></span> <span class='ocrx_word' id='word_1_19' title='bbox 1199 946 1349 1039; x_wconf 77' lang='grc' dir='ltr'><strong><em>ὑπεράνω</em></strong></span> <span class='ocrx_word' id='word_1_20' title='bbox 1387 941 1447 1020; x_wconf 83' lang='grc' dir='ltr'><strong><em>σύν</em></strong></span> 
     </span>
     <span class='ocr_line' id='line_1_4' title="bbox 393 1043 1480 1150; baseline 0.017 -36"><span class='ocrx_word' id='word_1_21' title='bbox 393 1043 518 1129; x_wconf 83' lang='grc' dir='ltr'><strong><em>ἀυτῆς</em></strong></span> <span class='ocrx_word' id='word_1_22' title='bbox 540 1047 718 1138; x_wconf 76' lang='grc' dir='ltr'><strong><em>ἁρμονίας,</em></strong></span> <span class='ocrx_word' id='word_1_23' title='bbox 739 1051 935 1141; x_wconf 79' lang='grc' dir='ltr'><strong><em>ἐναρμόνιος</em></strong></span> <span class='ocrx_word' id='word_1_24' title='bbox 962 1060 1074 1143; x_wconf 76' lang='grc' dir='ltr'><strong><em>γέγονε</em></strong></span> <span class='ocrx_word' id='word_1_25' title='bbox 1103 1061 1228 1136; x_wconf 83' lang='grc' dir='ltr'><strong><em>δοῦλος.</em></strong></span> <span class='ocrx_word' id='word_1_26' title='bbox 1257 1059 1446 1150; x_wconf 88' lang='grc' dir='ltr'><strong><em>ἀρρενόθη-</em></strong></span> <span class='ocrx_word' id='word_1_27' title='bbox 1464 1081 1480 1132; x_wconf 84' lang='grc'><strong>3</strong></span> 
     </span>
     <span class='ocr_line' id='line_1_5' title="bbox 393 1155 1445 1256; baseline 0.014 -31"><span class='ocrx_word' id='word_1_28' title='bbox 393 1163 450 1238; x_wconf 92' lang='grc' dir='ltr'><strong><em>λυς</em></strong></span> <span class='ocrx_word' id='word_1_29' title='bbox 472 1162 507 1225; x_wconf 82' lang='grc' dir='ltr'><strong><em>δὲ</em></strong></span> <span class='ocrx_word' id='word_1_30' title='bbox 528 1155 582 1239; x_wconf 88' lang='grc' dir='ltr'><strong><em>ώυ,</em></strong></span> <span class='ocrx_word' id='word_1_31' title='bbox 605 1159 639 1240; x_wconf 78' lang='grc' dir='ltr'><strong><em>ἐξ</em></strong></span> <span class='ocrx_word' id='word_1_32' title='bbox 659 1160 907 1249; x_wconf 82' lang='grc' dir='ltr'><strong><em>ἀρρινοθήλεος</em></strong></span> <span class='ocrx_word' id='word_1_33' title='bbox 929 1161 975 1233; x_wconf 83' lang='grc' dir='ltr'><strong><em>ἀν</em></strong></span> <span class='ocrx_word' id='word_1_34' title='bbox 996 1165 1130 1256; x_wconf 86' lang='grc' dir='ltr'><strong><em>πατρός,</em></strong></span> <span class='ocrx_word' id='word_1_35' title='bbox 1153 1174 1209 1237; x_wconf 86' lang='grc' dir='ltr'><strong><em>καὶ</em></strong></span> <span class='ocrx_word' id='word_1_36' title='bbox 1232 1166 1357 1250; x_wconf 79' lang='grc' dir='ltr'><strong><em>ἄυπνος</em></strong></span> <span class='ocrx_word' id='word_1_37' title='bbox 1379 1170 1445 1240; x_wconf 85' lang='grc' dir='ltr'><strong><em>ἀπὸ</em></strong></span> 
     </span>
     <span class='ocr_line' id='line_1_6' title="bbox 393 1268 717 1359; baseline 0.009 -24"><span class='ocrx_word' id='word_1_38' title='bbox 393 1268 521 1338; x_wconf 84' lang='grc' dir='ltr'><strong><em>ἀύπνου</em></strong></span> <span class='ocrx_word' id='word_1_39' title='bbox 542 1281 717 1359; x_wconf 83' lang='grc' dir='ltr'><strong><em>κρατεῖται</em></strong></span> 
     </span>
    </p>

    <p class='ocr_par' dir='ltr' id='par_1_3' title="bbox 328 1370 1478 1595">
     <span class='ocr_line' id='line_1_7' title="bbox 328 1370 1478 1488; baseline 0.017 -42"><span class='ocrx_word' id='word_1_40' title='bbox 328 1370 368 1437; x_wconf 75' lang='grc'><strong><em>16</em></strong></span> <span class='ocrx_word' id='word_1_41' title='bbox 456 1384 528 1449; x_wconf 84' lang='grc' dir='ltr'><strong><em>Καὶ</em></strong></span> <span class='ocrx_word' id='word_1_42' title='bbox 549 1378 634 1468; x_wconf 85' lang='grc' dir='ltr'><strong><em>μεεά</em></strong></span> <span class='ocrx_word' id='word_1_43' title='bbox 654 1389 759 1452; x_wconf 82' lang='grc' dir='ltr'><strong><em>ταῦτα</em></strong></span> <span class='ocrx_word' id='word_1_44' title='bbox 773 1391 852 1466; x_wconf 81' lang='grc' dir='ltr'><strong><em>νοῦς</em></strong></span> <span class='ocrx_word' id='word_1_45' title='bbox 873 1389 892 1456; x_wconf 90' lang='grc' dir='ltr'>ὁ</span> <span class='ocrx_word' id='word_1_46' title='bbox 916 1387 1007 1477; x_wconf 80' lang='grc' dir='ltr'><strong><em>ἐμός,</em></strong></span> <span class='ocrx_word' id='word_1_47' title='bbox 1031 1393 1101 1488; x_wconf 73' lang='grc' dir='ltr'><strong><em>Καὶ</em></strong></span> <span class='ocrx_word' id='word_1_48' title='bbox 1117 1388 1216 1470; x_wconf 83' lang='grc' dir='ltr'><strong><em>αι’πάς</em></strong></span> <span class='ocrx_word' id='word_1_49' title='bbox 1229 1391 1293 1482; x_wconf 81' lang='grc' dir='ltr'><strong><em>γάρ</em></strong></span> <span class='ocrx_word' id='word_1_50' title='bbox 1309 1400 1372 1484; x_wconf 80' lang='grc' dir='ltr'><strong><em>ἐρῶ</em></strong></span> <span class='ocrx_word' id='word_1_51' title='bbox 1386 1399 1446 1464; x_wconf 86' lang='grc' dir='ltr'><strong><em>τοῦ</em></strong></span> <span class='ocrx_word' id='word_1_52' title='bbox 1462 1414 1478 1466; x_wconf 84' lang='grc'><strong>6</strong></span> 
     </span>
     <span class='ocr_line' id='line_1_8' title="bbox 390 1492 1445 1595; baseline 0.01 -34"><span class='ocrx_word' id='word_1_53' title='bbox 390 1492 501 1580; x_wconf 78' lang='grc' dir='ltr'><strong><em>λόγου.</em></strong></span> <span class='ocrx_word' id='word_1_54' title='bbox 526 1493 565 1560; x_wconf 84' lang='lat'><strong><em>&#39;0</em></strong></span> <span class='ocrx_word' id='word_1_55' title='bbox 587 1498 621 1561; x_wconf 82' lang='grc' dir='ltr'><strong><em>δὲ</em></strong></span> <span class='ocrx_word' id='word_1_56' title='bbox 643 1496 862 1587; x_wconf 84' lang='grc' dir='ltr'><strong><em>Ποιμάνὸρης</em></strong></span> <span class='ocrx_word' id='word_1_57' title='bbox 884 1497 960 1581; x_wconf 81' lang='grc' dir='ltr'><strong><em>εἶπε,</em></strong></span> <span class='ocrx_word' id='word_1_58' title='bbox 988 1499 1097 1569; x_wconf 84' lang='grc' dir='ltr'><strong><em>Τοῦτό</em></strong></span> <span class='ocrx_word' id='word_1_59' title='bbox 1118 1508 1187 1568; x_wconf 76' lang='grc' dir='ltr'><strong><em>ἐστι</em></strong></span> <span class='ocrx_word' id='word_1_60' title='bbox 1208 1499 1247 1570; x_wconf 82' lang='grc' dir='ltr'><strong><em>τὸ</em></strong></span> <span class='ocrx_word' id='word_1_61' title='bbox 1269 1511 1445 1595; x_wconf 76' lang='grc' dir='ltr'><strong><em>κεκρυμμέ-</em></strong></span> 
     </span>
    </p>

    <p class='ocr_par' dir='ltr' id='par_1_4' title="bbox 318 1601 1478 2036">
     <span class='ocr_line' id='line_1_9' title="bbox 318 1601 1445 1714; baseline 0.009 -42"><span class='ocrx_word' id='word_1_62' title='bbox 318 1654 360 1694; x_wconf 58' lang='lat' dir='ltr'><strong><em>s·</em></strong></span> <span class='ocrx_word' id='word_1_63' title='bbox 390 1629 450 1674; x_wconf 92' lang='grc' dir='ltr'><strong><em>νον</em></strong></span> <span class='ocrx_word' id='word_1_64' title='bbox 472 1601 653 1693; x_wconf 80' lang='grc' dir='ltr'><strong><em>μυστήριον</em></strong></span> <span class='ocrx_word' id='word_1_65' title='bbox 673 1613 769 1694; x_wconf 77' lang='grc' dir='ltr'><strong><em>μέχρι</em></strong></span> <span class='ocrx_word' id='word_1_66' title='bbox 788 1613 887 1692; x_wconf 82' lang='grc' dir='ltr'><strong><em>τῆσδε</em></strong></span> <span class='ocrx_word' id='word_1_67' title='bbox 910 1615 969 1694; x_wconf 85' lang='grc' dir='ltr'><strong><em>τῆς</em></strong></span> <span class='ocrx_word' id='word_1_68' title='bbox 990 1612 1125 1704; x_wconf 82' lang='grc' dir='ltr'><strong><em>ἡμέρας.</em></strong></span> <span class='ocrx_word' id='word_1_69' title='bbox 1147 1610 1248 1712; x_wconf 78' lang='grc' dir='ltr'><strong><em>ἡγάρ</em></strong></span> <span class='ocrx_word' id='word_1_70' title='bbox 1263 1613 1362 1714; x_wconf 77' lang='grc' dir='ltr'><strong><em>φύσις</em></strong></span> <span class='ocrx_word' id='word_1_71' title='bbox 1376 1625 1445 1684; x_wconf 77' lang='grc' dir='ltr'><strong><em>ἑπι-</em></strong></span> 
     </span>
     <span class='ocr_line' id='line_1_10' title="bbox 389 1715 1478 1812; baseline 0.017 -30"><span class='ocrx_word' id='word_1_72' title='bbox 389 1725 523 1804; x_wconf 78' lang='grc' dir='ltr'><strong><em>μιμεῖσα</em></strong></span> <span class='ocrx_word' id='word_1_73' title='bbox 544 1720 590 1803; x_wconf 78' lang='grc' dir='ltr'><strong><em>τῷ</em></strong></span> <span class='ocrx_word' id='word_1_74' title='bbox 612 1715 783 1806; x_wconf 81' lang='grc' dir='ltr'><strong><em>ἀνθρώπῳ</em></strong></span> <span class='ocrx_word' id='word_1_75' title='bbox 810 1718 925 1810; x_wconf 75' lang='grc' dir='ltr'><strong><em>ἤνεγκέ</em></strong></span> <span class='ocrx_word' id='word_1_76' title='bbox 948 1750 979 1791; x_wconf 86' lang='grc' dir='ltr'><strong><em>τι</em></strong></span> <span class='ocrx_word' id='word_1_77' title='bbox 1002 1728 1123 1811; x_wconf 83' lang='grc' dir='ltr'><strong><em>θαῦμα</em></strong></span> <span class='ocrx_word' id='word_1_78' title='bbox 1151 1723 1478 1812; x_wconf 84' lang='grc' dir='ltr'><strong><em>θαυμασιώτατου.9</em></strong></span> 
     </span>
     <span class='ocr_line' id='line_1_11' title="bbox 390 1823 1444 1934; baseline 0.011 -40"><span class='ocrx_word' id='word_1_79' title='bbox 390 1831 522 1914; x_wconf 76' lang='grc' dir='ltr'><strong><em>ἔχοντος</em></strong></span> <span class='ocrx_word' id='word_1_80' title='bbox 549 1823 614 1915; x_wconf 76' lang='grc' dir='ltr'><strong><em>γάρ</em></strong></span> <span class='ocrx_word' id='word_1_81' title='bbox 642 1828 747 1898; x_wconf 76' lang='grc' dir='ltr'><strong><em>αὐτοῦ</em></strong></span> <span class='ocrx_word' id='word_1_82' title='bbox 772 1836 832 1915; x_wconf 81' lang='grc' dir='ltr'><strong><em>τῆς</em></strong></span> <span class='ocrx_word' id='word_1_83' title='bbox 859 1834 1023 1924; x_wconf 73' lang='grc' dir='ltr'><strong><em>ἁρμονίας</em></strong></span> <span class='ocrx_word' id='word_1_84' title='bbox 1050 1839 1116 1903; x_wconf 84' lang='grc' dir='ltr'><strong><em>τών</em></strong></span> <span class='ocrx_word' id='word_1_85' title='bbox 1142 1833 1225 1904; x_wconf 79' lang='grc' dir='ltr'><strong><em>ίπιά</em></strong></span> <span class='ocrx_word' id='word_1_86' title='bbox 1253 1835 1313 1919; x_wconf 82' lang='grc' dir='ltr'><strong><em>τὴν</em></strong></span> <span class='ocrx_word' id='word_1_87' title='bbox 1335 1836 1444 1934; x_wconf 79' lang='grc' dir='ltr'><strong><em>φύσιν,</em></strong></span> 
     </span>
     <span class='ocr_line' id='line_1_12' title="bbox 391 1930 1444 2036; baseline 0.011 -31"><span class='ocrx_word' id='word_1_88' title='bbox 391 1930 432 2006; x_wconf 82' lang='grc' dir='ltr'><strong><em>οὗ</em></strong></span> <span class='ocrx_word' id='word_1_89' title='bbox 452 1941 537 2028; x_wconf 76' lang='grc' dir='ltr'><strong><em>ίῳηυ</em></strong></span> <span class='ocrx_word' id='word_1_90' title='bbox 559 1963 626 2021; x_wconf 89' lang='grc' dir='ltr'><strong><em>σοι,</em></strong></span> <span class='ocrx_word' id='word_1_91' title='bbox 655 1948 691 2008; x_wconf 77' lang='grc' dir='ltr'><strong><em>ἐκ</em></strong></span> <span class='ocrx_word' id='word_1_92' title='bbox 718 1940 822 2032; x_wconf 82' lang='grc' dir='ltr'><strong><em>πυρὸς</em></strong></span> <span class='ocrx_word' id='word_1_93' title='bbox 849 1951 907 2014; x_wconf 85' lang='grc' dir='ltr'><strong><em>καὶ</em></strong></span> <span class='ocrx_word' id='word_1_94' title='bbox 934 1946 1133 2034; x_wconf 83' lang='grc' dir='ltr'><strong><em>πνεύματος,</em></strong></span> <span class='ocrx_word' id='word_1_95' title='bbox 1163 1947 1222 2015; x_wconf 83' lang='grc' dir='ltr'><strong><em>οὐκ</em></strong></span> <span class='ocrx_word' id='word_1_96' title='bbox 1245 1948 1444 2036; x_wconf 80' lang='grc' dir='ltr'><strong><em>ἀνέμενενὴ</em></strong></span> 
     </span>
    </p>

    <p class='ocr_par' dir='ltr' id='par_1_5' title="bbox 354 2047 1496 2152">
     <span class='ocr_line' id='line_1_13' title="bbox 354 2047 1496 2152; baseline 0.01 -36"><span class='ocrx_word' id='word_1_97' title='bbox 354 2120 365 2129; x_wconf 48' lang='lat'><em>„</em></span> <span class='ocrx_word' id='word_1_98' title='bbox 388 2047 497 2142; x_wconf 84' lang='grc' dir='ltr'><strong><em>φύσις,</em></strong></span> <span class='ocrx_word' id='word_1_99' title='bbox 520 2051 588 2118; x_wconf 82' lang='grc' dir='ltr'><strong><em>ἀλλ’</em></strong></span> <span class='ocrx_word' id='word_1_100' title='bbox 615 2050 717 2132; x_wconf 84' lang='grc' dir='ltr'><strong><em>εάθάς</em></strong></span> <span class='ocrx_word' id='word_1_101' title='bbox 739 2055 922 2138; x_wconf 80' lang='grc' dir='ltr'><strong><em>ἀπεκύησεν</em></strong></span> <span class='ocrx_word' id='word_1_102' title='bbox 944 2054 1027 2152; x_wconf 78' lang='grc' dir='ltr'><strong><em>ἑπτά</em></strong></span> <span class='ocrx_word' id='word_1_103' title='bbox 1050 2059 1265 2147; x_wconf 79' lang='grc' dir='ltr'><strong><em>ἀνθρώπους,</em></strong></span> <span class='ocrx_word' id='word_1_104' title='bbox 1287 2057 1370 2149; x_wconf 78' lang='grc' dir='ltr'><strong><em>πρὸς</em></strong></span> <span class='ocrx_word' id='word_1_105' title='bbox 1384 2057 1445 2142; x_wconf 82' lang='grc' dir='ltr'><strong><em>ιάς</em></strong></span> <span class='ocrx_word' id='word_1_106' title='bbox 1463 2087 1496 2138; x_wconf 84' lang='lat'><strong><em>12</em></strong></span> 
     </span>
    </p>

    <p class='ocr_par' dir='ltr' id='par_1_6' title="bbox 388 2149 1445 2347">
     <span class='ocr_line' id='line_1_14' title="bbox 388 2149 1445 2259; baseline 0.01 -33"><span class='ocrx_word' id='word_1_107' title='bbox 388 2159 504 2251; x_wconf 84' lang='grc' dir='ltr'><strong><em>φύσεις</em></strong></span> <span class='ocrx_word' id='word_1_108' title='bbox 529 2166 596 2228; x_wconf 84' lang='grc' dir='ltr'><strong><em>τῶν</em></strong></span> <span class='ocrx_word' id='word_1_109' title='bbox 624 2160 707 2228; x_wconf 80' lang='grc' dir='ltr'><strong><em>ἑπτά</em></strong></span> <span class='ocrx_word' id='word_1_110' title='bbox 729 2149 1219 2256; x_wconf 23' lang='grc' dir='ltr'><strong><em>διοικητόρωυρἀρευοθήλεας</em></strong></span> <span class='ocrx_word' id='word_1_111' title='bbox 1246 2173 1303 2235; x_wconf 87' lang='grc' dir='ltr'><strong><em>καὶ</em></strong></span> <span class='ocrx_word' id='word_1_112' title='bbox 1323 2195 1445 2259; x_wconf 83' lang='grc' dir='ltr'><strong><em>μεταρ-</em></strong></span> 
     </span>
     <span class='ocr_line' id='line_1_15' title="bbox 389 2274 490 2347; baseline -0.02 -10"><span class='ocrx_word' id='word_1_113' title='bbox 389 2274 490 2347; x_wconf 87' lang='grc' dir='ltr'><strong><em>σίους.</em></strong></span> 
     </span>
    </p>

    <p class='ocr_par' dir='ltr' id='par_1_7' title="bbox 388 2377 1496 2810">
     <span class='ocr_line' id='line_1_16' title="bbox 454 2377 1495 2474; baseline 0.014 -29"><span class='ocrx_word' id='word_1_114' title='bbox 454 2382 527 2446; x_wconf 85' lang='grc' dir='ltr'><strong><em>Καὶ</em></strong></span> <span class='ocrx_word' id='word_1_115' title='bbox 552 2378 636 2465; x_wconf 85' lang='grc' dir='ltr'><strong><em>μετά</em></strong></span> <span class='ocrx_word' id='word_1_116' title='bbox 662 2386 783 2465; x_wconf 82' lang='grc' dir='ltr'><strong><em>ταῦτα,</em></strong></span> <span class='ocrx_word' id='word_1_117' title='bbox 805 2377 848 2450; x_wconf 88' lang='grc' dir='ltr'><em>Ὦ</em></span> <span class='ocrx_word' id='word_1_118' title='bbox 876 2381 1093 2474; x_wconf 86' lang='grc' dir='ltr'><strong><em>Ποιμάνδρη,</em></strong></span> <span class='ocrx_word' id='word_1_119' title='bbox 1128 2393 1172 2465; x_wconf 87' lang='grc' dir='ltr'><strong><em>είς</em></strong></span> <span class='ocrx_word' id='word_1_120' title='bbox 1204 2386 1352 2474; x_wconf 78' lang='grc' dir='ltr'><strong><em>μεγάλην</em></strong></span> <span class='ocrx_word' id='word_1_121' title='bbox 1384 2393 1444 2459; x_wconf 82' lang='grc' dir='ltr'><strong><em>νῦν</em></strong></span> <span class='ocrx_word' id='word_1_122' title='bbox 1463 2417 1495 2470; x_wconf 80' lang='lat'><strong><em>15</em></strong></span> 
     </span>
     <span class='ocr_line' id='line_1_17' title="bbox 388 2485 1445 2590; baseline 0.01 -31"><span class='ocrx_word' id='word_1_123' title='bbox 388 2496 574 2578; x_wconf 78' lang='grc' dir='ltr'><strong><em>ἐπιθυμίαν</em></strong></span> <span class='ocrx_word' id='word_1_124' title='bbox 598 2485 727 2574; x_wconf 81' lang='grc' dir='ltr'><strong><em>ἦλθον,</em></strong></span> <span class='ocrx_word' id='word_1_125' title='bbox 759 2499 815 2563; x_wconf 85' lang='grc' dir='ltr'><strong><em>καὶ</em></strong></span> <span class='ocrx_word' id='word_1_126' title='bbox 836 2497 939 2562; x_wconf 82' lang='grc' dir='ltr'><strong><em>ποθῶ</em></strong></span> <span class='ocrx_word' id='word_1_127' title='bbox 960 2494 1110 2565; x_wconf 83' lang='grc' dir='ltr'><strong><em>ἀκοῦσαι.</em></strong></span> <span class='ocrx_word' id='word_1_128' title='bbox 1138 2495 1185 2584; x_wconf 83' lang='grc' dir='ltr'><strong><em>μὴ</em></strong></span> <span class='ocrx_word' id='word_1_129' title='bbox 1211 2501 1344 2590; x_wconf 77' lang='grc' dir='ltr'><strong><em>ίκτρεχε.</em></strong></span> <span class='ocrx_word' id='word_1_130' title='bbox 1373 2505 1445 2570; x_wconf 83' lang='grc' dir='ltr'><strong><em>Καὶ</em></strong></span> 
     </span>
     <span class='ocr_line' id='line_1_18' title="bbox 390 2589 1445 2700; baseline 0.011 -30"><span class='ocrx_word' id='word_1_131' title='bbox 390 2601 651 2690; x_wconf 82' lang='grc' dir='ltr'><strong><em>ὁΠοιμάνὸρης</em></strong></span> <span class='ocrx_word' id='word_1_132' title='bbox 678 2591 903 2687; x_wconf 76' lang='grc' dir='ltr'><strong><em>είπεν,”Αλλά</em></strong></span> <span class='ocrx_word' id='word_1_133' title='bbox 927 2603 1049 2673; x_wconf 81' lang='grc' dir='ltr'><strong><em>σιώπα·</em></strong></span> <span class='ocrx_word' id='word_1_134' title='bbox 1080 2605 1169 2676; x_wconf 84' lang='grc' dir='ltr'><strong><em>ούπιι</em></strong></span> <span class='ocrx_word' id='word_1_135' title='bbox 1193 2589 1271 2700; x_wconf 76' lang='grc' dir='ltr'><strong><em>γάρΙ</em></strong></span> <span class='ocrx_word' id='word_1_136' title='bbox 1287 2634 1340 2680; x_wconf 92' lang='grc' dir='ltr'><strong><em>σοι</em></strong></span> <span class='ocrx_word' id='word_1_137' title='bbox 1367 2611 1445 2695; x_wconf 86' lang='grc' dir='ltr'><strong><em>ἀνή-</em></strong></span> 
     </span>
     <span class='ocr_line' id='line_1_19' title="bbox 389 2710 1496 2810; baseline 0.015 -31"><span class='ocrx_word' id='word_1_138' title='bbox 389 2715 505 2782; x_wconf 87' lang='grc' dir='ltr'><strong><em>πλωσα</em></strong></span> <span class='ocrx_word' id='word_1_139' title='bbox 528 2710 587 2782; x_wconf 84' lang='grc' dir='ltr'><strong><em>τάν</em></strong></span> <span class='ocrx_word' id='word_1_140' title='bbox 609 2718 741 2804; x_wconf 82' lang='grc' dir='ltr'><strong><em>πρῶτον</em></strong></span> <span class='ocrx_word' id='word_1_141' title='bbox 762 2714 872 2804; x_wconf 76' lang='grc' dir='ltr'><strong><em>λόγον.</em></strong></span> <span class='ocrx_word' id='word_1_142' title='bbox 904 2717 992 2786; x_wconf 84' lang='grc' dir='ltr'><strong><em>Ἰδού</em></strong></span> <span class='ocrx_word' id='word_1_143' title='bbox 1014 2725 1132 2801; x_wconf 82' lang='grc' dir='ltr'><strong><em>σιωπῶ,</em></strong></span> <span class='ocrx_word' id='word_1_144' title='bbox 1155 2724 1240 2810; x_wconf 81' lang='grc' dir='ltr'><strong><em>ίφην</em></strong></span> <span class='ocrx_word' id='word_1_145' title='bbox 1262 2722 1333 2809; x_wconf 74' lang='grc' dir='ltr'><strong><em>ἐγώ.</em></strong></span> <span class='ocrx_word' id='word_1_146' title='bbox 1463 2746 1496 2796; x_wconf 84' lang='grc'><strong><em>18</em></strong></span> 
     </span>
    </p>

    <p class='ocr_par' dir='ltr' id='par_1_8' title="bbox 461 2838 1441 2920">
     <span class='ocr_line' id='line_1_20' title="bbox 461 2838 1441 2920; baseline 0.013 -29"><span class='ocrx_word' id='word_1_147' title='bbox 461 2839 487 2892; x_wconf 91' lang='lat' dir='ltr'><strong><em>l.</em></strong></span> <span class='ocrx_word' id='word_1_148' title='bbox 504 2838 578 2907; x_wconf 77' lang='grc' dir='ltr'><strong><em>ἔχειν]</em></strong></span> <span class='ocrx_word' id='word_1_149' title='bbox 596 2845 648 2909; x_wconf 69' lang='grc' dir='ltr'><strong><em>ἔχει</em></strong></span> <span class='ocrx_word' id='word_1_150' title='bbox 665 2843 732 2895; x_wconf 80' lang='lat' dir='ltr'><strong>Patr.</strong></span> <span class='ocrx_word' id='word_1_151' title='bbox 760 2841 775 2913; x_wconf 93' lang='grc' dir='ltr'>Η</span> <span class='ocrx_word' id='word_1_152' title='bbox 812 2843 859 2911; x_wconf 81' lang='grc' dir='ltr'><strong><em>τὰ]</em></strong></span> <span class='ocrx_word' id='word_1_153' title='bbox 882 2846 920 2898; x_wconf 85' lang='grc' dir='ltr'><strong><em>τά</em></strong></span> <span class='ocrx_word' id='word_1_154' title='bbox 942 2848 969 2898; x_wconf 79' lang='grc' dir='ltr'><strong><em>δὲ</em></strong></span> <span class='ocrx_word' id='word_1_155' title='bbox 992 2847 1058 2899; x_wconf 75' lang='lat' dir='ltr'><strong>Patr.</strong></span> <span class='ocrx_word' id='word_1_156' title='bbox 1130 2849 1156 2900; x_wconf 71' lang='grc'><strong><em>2.</em></strong></span> <span class='ocrx_word' id='word_1_157' title='bbox 1174 2851 1279 2918; x_wconf 71' lang='grc' dir='ltr'><strong><em>θνητῶν</em></strong></span> <span class='ocrx_word' id='word_1_158' title='bbox 1297 2850 1329 2914; x_wconf 90' lang='grc' dir='ltr'><strong><em>Β,</em></strong></span> <span class='ocrx_word' id='word_1_159' title='bbox 1346 2853 1441 2920; x_wconf 77' lang='grc' dir='ltr'><strong><em>μενητά</em></strong></span> 
     </span>
    </p>

    <p class='ocr_par' dir='ltr' id='par_1_9' title="bbox 460 2923 1441 3003">
     <span class='ocr_line' id='line_1_21' title="bbox 460 2923 1441 3003; baseline 0.013 -26"><span class='ocrx_word' id='word_1_160' title='bbox 460 2926 558 2992; x_wconf 75' lang='lat' dir='ltr'><strong>Vergit.</strong></span> <span class='ocrx_word' id='word_1_161' title='bbox 578 2923 591 2996; x_wconf 96' lang='grc' dir='ltr'>Η</span> <span class='ocrx_word' id='word_1_162' title='bbox 634 2929 746 2997; x_wconf 80' lang='grc' dir='ltr'><strong><em>πάσχειν</em></strong></span> <span class='ocrx_word' id='word_1_163' title='bbox 764 2934 797 2984; x_wconf 84' lang='grc' dir='ltr'><strong><em>Α.</em></strong></span> <span class='ocrx_word' id='word_1_164' title='bbox 816 2926 830 2999; x_wconf 93' lang='grc' dir='ltr'>Η</span> <span class='ocrx_word' id='word_1_165' title='bbox 886 2930 1058 3003; x_wconf 80' lang='grc' dir='ltr'><strong><em>ἀποκείμενος</em></strong></span> <span class='ocrx_word' id='word_1_166' title='bbox 1077 2934 1183 2987; x_wconf 74' lang='lat' dir='ltr'><strong>casaub.</strong></span> <span class='ocrx_word' id='word_1_167' title='bbox 1202 2956 1279 2988; x_wconf 84' lang='lat' dir='ltr'>exerc.</span> <span class='ocrx_word' id='word_1_168' title='bbox 1300 2935 1328 2988; x_wconf 90' lang='lat' dir='ltr'><strong><em>iu</em></strong></span> <span class='ocrx_word' id='word_1_169' title='bbox 1349 2937 1441 2990; x_wconf 77' lang='lat' dir='ltr'><strong>Batou.</strong></span> 
     </span>
    </p>

    <p class='ocr_par' dir='ltr' id='par_1_10' title="bbox 459 3013 1443 3092">
     <span class='ocr_line' id='line_1_22' title="bbox 459 3013 1443 3092; baseline 0.009 -27"><span class='ocrx_word' id='word_1_170' title='bbox 459 3034 486 3084; x_wconf 85' lang='lat' dir='ltr'><strong><em>p.</em></strong></span> <span class='ocrx_word' id='word_1_171' title='bbox 501 3013 546 3066; x_wconf 80' lang='lat'><strong><em>80.</em></strong></span> <span class='ocrx_word' id='word_1_172' title='bbox 634 3014 660 3068; x_wconf 77' lang='grc'><strong><em>4.</em></strong></span> <span class='ocrx_word' id='word_1_173' title='bbox 683 3013 870 3088; x_wconf 82' lang='grc' dir='ltr'><strong><em>ἀρρενοτίλυος</em></strong></span> <span class='ocrx_word' id='word_1_174' title='bbox 887 3020 924 3081; x_wconf 88' lang='grc' dir='ltr'><strong><em>Α,</em></strong></span> <span class='ocrx_word' id='word_1_175' title='bbox 943 3014 1142 3092; x_wconf 73' lang='grc' dir='ltr'><strong><em>ἀρρενοθὴλυος</em></strong></span> <span class='ocrx_word' id='word_1_176' title='bbox 1164 3019 1219 3074; x_wconf 84' lang='grc' dir='ltr'><strong><em>ε’ᾶά.</em></strong></span> <span class='ocrx_word' id='word_1_177' title='bbox 1241 3018 1254 3090; x_wconf 93' lang='grc' dir='ltr'>Η</span> <span class='ocrx_word' id='word_1_178' title='bbox 1298 3019 1332 3074; x_wconf 76' lang='grc' dir='ltr'><strong><em>ἀν</em></strong></span> <span class='ocrx_word' id='word_1_179' title='bbox 1349 3045 1392 3074; x_wconf 89' lang='lat' dir='ltr'><strong><em>om</em></strong></span> <span class='ocrx_word' id='word_1_180' title='bbox 1410 3025 1443 3074; x_wconf 81' lang='lat' dir='ltr'><strong><em>A.</em></strong></span> 
     </span>
    </p>

    <p class='ocr_par' dir='ltr' id='par_1_11' title="bbox 459 3095 1444 3178">
     <span class='ocr_line' id='line_1_23' title="bbox 459 3095 1444 3178; baseline 0.008 -26"><span class='ocrx_word' id='word_1_181' title='bbox 459 3099 484 3152; x_wconf 84' lang='grc'><strong><em>6.</em></strong></span> <span class='ocrx_word' id='word_1_182' title='bbox 502 3102 564 3160; x_wconf 84' lang='grc' dir='ltr'><strong><em>νοῦς</em></strong></span> <span class='ocrx_word' id='word_1_183' title='bbox 581 3100 597 3154; x_wconf 85' lang='grc' dir='ltr'>ὁ</span> <span class='ocrx_word' id='word_1_184' title='bbox 614 3101 686 3173; x_wconf 76' lang='grc' dir='ltr'><strong><em>ἐμός]</em></strong></span> <span class='ocrx_word' id='word_1_185' title='bbox 705 3095 725 3156; x_wconf 79' lang='grc' dir='ltr'><strong><em>ἀ</em></strong></span> <span class='ocrx_word' id='word_1_186' title='bbox 741 3106 804 3165; x_wconf 77' lang='grc' dir='ltr'><strong><em>νοῦς</em></strong></span> <span class='ocrx_word' id='word_1_187' title='bbox 820 3105 881 3175; x_wconf 76' lang='grc' dir='ltr'><strong><em>ίμάς</em></strong></span> <span class='ocrx_word' id='word_1_188' title='bbox 894 3106 974 3157; x_wconf 58' lang='lat' dir='ltr'><strong>Fluit.</strong></span> <span class='ocrx_word' id='word_1_189' title='bbox 1017 3105 1059 3158; x_wconf 88' lang='lat' dir='ltr'><strong><em>lt.</em></strong></span> <span class='ocrx_word' id='word_1_190' title='bbox 1078 3107 1174 3178; x_wconf 85' lang='grc' dir='ltr'><strong><em>πυράς]</em></strong></span> <span class='ocrx_word' id='word_1_191' title='bbox 1193 3109 1228 3160; x_wconf 85' lang='lat' dir='ltr'><strong><em>sic</em></strong></span> <span class='ocrx_word' id='word_1_192' title='bbox 1247 3108 1323 3170; x_wconf 63' lang='lat' dir='ltr'><strong>Patr„</strong></span> <span class='ocrx_word' id='word_1_193' title='bbox 1341 3108 1444 3178; x_wconf 84' lang='grc' dir='ltr'><strong><em>πατρὸς</em></strong></span> 
     </span>
    </p>

    <p class='ocr_par' dir='ltr' id='par_1_12' title="bbox 459 3185 1444 3262">
     <span class='ocr_line' id='line_1_24' title="bbox 459 3185 1444 3262; baseline 0.005 -23"><span class='ocrx_word' id='word_1_194' title='bbox 459 3185 559 3255; x_wconf 75' lang='lat' dir='ltr'>reliqui.</span> <span class='ocrx_word' id='word_1_195' title='bbox 622 3189 664 3242; x_wconf 82' lang='lat'><strong><em>13.</em></strong></span> <span class='ocrx_word' id='word_1_196' title='bbox 682 3185 882 3262; x_wconf 80' lang='grc' dir='ltr'><strong><em>ἀρρενοτελείας</em></strong></span> <span class='ocrx_word' id='word_1_197' title='bbox 902 3194 932 3254; x_wconf 79' lang='grc' dir='ltr'><strong><em>Α,</em></strong></span> <span class='ocrx_word' id='word_1_198' title='bbox 950 3186 1153 3262; x_wconf 77' lang='grc' dir='ltr'><strong><em>ἀρρενοθὴλυας</em></strong></span> <span class='ocrx_word' id='word_1_199' title='bbox 1170 3194 1250 3246; x_wconf 85' lang='lat' dir='ltr'><strong>Turn.</strong></span> <span class='ocrx_word' id='word_1_200' title='bbox 1315 3193 1355 3244; x_wconf 86' lang='lat'><strong><em>15.</em></strong></span> <span class='ocrx_word' id='word_1_201' title='bbox 1373 3195 1444 3247; x_wconf 88' lang='grc' dir='ltr'><strong><em>Ποι-</em></strong></span> 
     </span>
    </p>
   </div>
   <div class='ocr_carea' id='block_1_3' title="bbox 387 3272 1444 4480">
    <p class='ocr_par' dir='ltr' id='par_1_13' title="bbox 458 3272 1443 3348">
     <span class='ocr_line' id='line_1_25' title="bbox 458 3272 1443 3348; baseline 0.006 -23"><span class='ocrx_word' id='word_1_202' title='bbox 458 3272 574 3344; x_wconf 83' lang='grc' dir='ltr'><strong><em>μάνάρης</em></strong></span> <span class='ocrx_word' id='word_1_203' title='bbox 585 3274 616 3336; x_wconf 90' lang='grc' dir='ltr'><strong><em>Β,</em></strong></span> <span class='ocrx_word' id='word_1_204' title='bbox 634 3277 696 3328; x_wconf 81' lang='lat' dir='ltr'><strong>etin</strong></span> <span class='ocrx_word' id='word_1_205' title='bbox 708 3278 819 3342; x_wconf 76' lang='lat' dir='ltr'>margine</span> <span class='ocrx_word' id='word_1_206' title='bbox 837 3282 899 3347; x_wconf 75' lang='grc' dir='ltr'><strong><em>ἔφην</em></strong></span> <span class='ocrx_word' id='word_1_207' title='bbox 918 3273 972 3344; x_wconf 71' lang='grc' dir='ltr'><strong><em>ἐγώ.</em></strong></span> <span class='ocrx_word' id='word_1_208' title='bbox 993 3272 1006 3344; x_wconf 93' lang='grc' dir='ltr'>Η</span> <span class='ocrx_word' id='word_1_209' title='bbox 1044 3279 1095 3348; x_wconf 80' lang='grc' dir='ltr'><strong><em>μὰρ</em></strong></span> <span class='ocrx_word' id='word_1_210' title='bbox 1113 3293 1168 3345; x_wconf 82' lang='lat' dir='ltr'><strong>post</strong></span> <span class='ocrx_word' id='word_1_211' title='bbox 1185 3278 1298 3346; x_wconf 80' lang='grc' dir='ltr'><strong><em>μεγάλην</em></strong></span> <span class='ocrx_word' id='word_1_212' title='bbox 1315 3280 1373 3330; x_wconf 77' lang='lat' dir='ltr'><strong>add.</strong></span> <span class='ocrx_word' id='word_1_213' title='bbox 1386 3280 1443 3331; x_wconf 84' lang='lat' dir='ltr'>edd.</span> 
     </span>
    </p>

    <p class='ocr_par' dir='ltr' id='par_1_14' title="bbox 387 3355 1444 3860">
     <span class='ocr_line' id='line_1_26' title="bbox 459 3355 1443 3430; baseline 0.006 -22"><span class='ocrx_word' id='word_1_214' title='bbox 459 3357 502 3409; x_wconf 84' lang='lat'><strong><em>17.</em></strong></span> <span class='ocrx_word' id='word_1_215' title='bbox 523 3357 562 3408; x_wconf 86' lang='lat'><strong><em>18.</em></strong></span> <span class='ocrx_word' id='word_1_216' title='bbox 582 3356 737 3430; x_wconf 80' lang='grc' dir='ltr'><strong><em>ἀνῆπλονσα]</em></strong></span> <span class='ocrx_word' id='word_1_217' title='bbox 755 3363 831 3413; x_wconf 82' lang='grc' dir='ltr'><strong><em>εἰοΒ</em></strong></span> <span class='ocrx_word' id='word_1_218' title='bbox 854 3362 935 3421; x_wconf 60' lang='lat' dir='ltr'><strong>Patr„</strong></span> <span class='ocrx_word' id='word_1_219' title='bbox 965 3355 1135 3430; x_wconf 74' lang='grc' dir='ltr'><strong><em>ἀνεπλήρωσα</em></strong></span> <span class='ocrx_word' id='word_1_220' title='bbox 1158 3361 1256 3430; x_wconf 81' lang='lat' dir='ltr'>reliqui.</span> <span class='ocrx_word' id='word_1_221' title='bbox 1283 3358 1295 3429; x_wconf 94' lang='grc' dir='ltr'>Η</span> <span class='ocrx_word' id='word_1_222' title='bbox 1350 3361 1408 3428; x_wconf 69' lang='grc' dir='ltr'><strong><em>ἐγώ]</em></strong></span> <span class='ocrx_word' id='word_1_223' title='bbox 1429 3361 1443 3414; x_wconf 89' lang='grc' dir='ltr'>ὁ</span> 
     </span>
     <span class='ocr_line' id='line_1_27' title="bbox 388 3458 1444 3535; baseline 0.004 -22"><span class='ocrx_word' id='word_1_224' title='bbox 388 3477 515 3535; x_wconf 75' lang='lat' dir='ltr'><strong>corpore,</strong></span> <span class='ocrx_word' id='word_1_225' title='bbox 538 3461 696 3518; x_wconf 80' lang='lat' dir='ltr'><strong>immortalis</strong></span> <span class='ocrx_word' id='word_1_226' title='bbox 712 3483 778 3519; x_wconf 79' lang='lat' dir='ltr'>vero</span> <span class='ocrx_word' id='word_1_227' title='bbox 797 3462 832 3516; x_wconf 91' lang='lat' dir='ltr'><strong><em>ob</em></strong></span> <span class='ocrx_word' id='word_1_228' title='bbox 850 3458 1053 3515; x_wconf 77' lang='lat' dir='ltr'><strong>substantialem</strong></span> <span class='ocrx_word' id='word_1_229' title='bbox 1072 3459 1213 3517; x_wconf 84' lang='lat' dir='ltr'><strong>homiuem.</strong></span> <span class='ocrx_word' id='word_1_230' title='bbox 1236 3480 1297 3516; x_wconf 86' lang='lat' dir='ltr'><strong><em>nam</em></strong></span> <span class='ocrx_word' id='word_1_231' title='bbox 1320 3481 1379 3516; x_wconf 80' lang='lat' dir='ltr'><strong><em>oum</em></strong></span> <span class='ocrx_word' id='word_1_232' title='bbox 1397 3464 1444 3517; x_wconf 84' lang='lat' dir='ltr'><strong>int·</strong></span> 
     </span>
     <span class='ocr_line' id='line_1_28' title="bbox 387 3543 1444 3624; baseline 0.003 -23"><span class='ocrx_word' id='word_1_233' title='bbox 387 3544 509 3602; x_wconf 79' lang='lat' dir='ltr'><strong>mortalia</strong></span> <span class='ocrx_word' id='word_1_234' title='bbox 531 3549 569 3602; x_wconf 78' lang='lat' dir='ltr'><strong><em>sit</em></strong></span> <span class='ocrx_word' id='word_1_235' title='bbox 591 3558 618 3604; x_wconf 83' lang='lat' dir='ltr'><strong><em>et</em></strong></span> <span class='ocrx_word' id='word_1_236' title='bbox 636 3551 753 3604; x_wconf 88' lang='lat' dir='ltr'><strong>omnium</strong></span> <span class='ocrx_word' id='word_1_237' title='bbox 775 3555 937 3624; x_wconf 81' lang='lat' dir='ltr'><strong>potestatem</strong></span> <span class='ocrx_word' id='word_1_238' title='bbox 954 3543 1064 3614; x_wconf 86' lang='lat' dir='ltr'><strong>habeat,</strong></span> <span class='ocrx_word' id='word_1_239' title='bbox 1089 3546 1211 3603; x_wconf 82' lang='lat' dir='ltr'><strong>mortalia</strong></span> <span class='ocrx_word' id='word_1_240' title='bbox 1233 3556 1321 3601; x_wconf 79' lang='lat' dir='ltr'><strong>tamen</strong></span> <span class='ocrx_word' id='word_1_241' title='bbox 1342 3549 1444 3624; x_wconf 84' lang='lat' dir='ltr'><strong>patitur</strong></span> 
     </span>
     <span class='ocr_line' id='line_1_29' title="bbox 387 3631 1441 3708; baseline 0 -20"><span class='ocrx_word' id='word_1_242' title='bbox 387 3632 508 3690; x_wconf 77' lang='lat' dir='ltr'><strong>subiecta</strong></span> <span class='ocrx_word' id='word_1_243' title='bbox 526 3631 589 3688; x_wconf 83' lang='lat' dir='ltr'><strong>fato.</strong></span> <span class='ocrx_word' id='word_1_244' title='bbox 609 3643 637 3688; x_wconf 79' lang='lat' dir='ltr'><strong><em>et</em></strong></span> <span class='ocrx_word' id='word_1_245' title='bbox 654 3653 714 3690; x_wconf 82' lang='lat' dir='ltr'><strong><em>eum</em></strong></span> <span class='ocrx_word' id='word_1_246' title='bbox 733 3634 771 3686; x_wconf 79' lang='lat' dir='ltr'><strong><em>sit</em></strong></span> <span class='ocrx_word' id='word_1_247' title='bbox 787 3631 923 3686; x_wconf 83' lang='lat' dir='ltr'><strong>harmonia</strong></span> <span class='ocrx_word' id='word_1_248' title='bbox 936 3632 1068 3708; x_wconf 78' lang='lat' dir='ltr'>superior,</span> <span class='ocrx_word' id='word_1_249' title='bbox 1087 3631 1256 3688; x_wconf 79' lang='lat' dir='ltr'><strong>harmonicus</strong></span> <span class='ocrx_word' id='word_1_250' title='bbox 1271 3631 1321 3688; x_wconf 80' lang='lat' dir='ltr'><strong>fuit</strong></span> <span class='ocrx_word' id='word_1_251' title='bbox 1338 3653 1441 3690; x_wconf 82' lang='grc' dir='ltr'><strong><em>εεενοε.</em></strong></span> 
     </span>
     <span class='ocr_line' id='line_1_30' title="bbox 388 3716 1442 3795; baseline 0 -21"><span class='ocrx_word' id='word_1_252' title='bbox 388 3728 494 3774; x_wconf 81' lang='lat' dir='ltr'><strong>etcum</strong></span> <span class='ocrx_word' id='word_1_253' title='bbox 512 3721 549 3773; x_wconf 80' lang='lat' dir='ltr'><strong><em>sit</em></strong></span> <span class='ocrx_word' id='word_1_254' title='bbox 566 3717 721 3773; x_wconf 79' lang='lat' dir='ltr'><strong>masiemina</strong></span> <span class='ocrx_word' id='word_1_255' title='bbox 739 3737 773 3772; x_wconf 83' lang='lat' dir='ltr'><strong><em>ex</em></strong></span> <span class='ocrx_word' id='word_1_256' title='bbox 790 3716 955 3773; x_wconf 80' lang='lat' dir='ltr'><strong>maril&#39;emiua</strong></span> <span class='ocrx_word' id='word_1_257' title='bbox 973 3727 1063 3795; x_wconf 81' lang='lat' dir='ltr'><strong>patre,</strong></span> <span class='ocrx_word' id='word_1_258' title='bbox 1082 3727 1109 3773; x_wconf 90' lang='lat' dir='ltr'><strong><em>et</em></strong></span> <span class='ocrx_word' id='word_1_259' title='bbox 1127 3719 1258 3774; x_wconf 72' lang='lat' dir='ltr'><strong>insomnis</strong></span> <span class='ocrx_word' id='word_1_260' title='bbox 1276 3719 1309 3774; x_wconf 83' lang='lat' dir='ltr'><strong><em>ab</em></strong></span> <span class='ocrx_word' id='word_1_261' title='bbox 1326 3721 1442 3775; x_wconf 85' lang='lat' dir='ltr'><strong>insomni</strong></span> 
     </span>
     <span class='ocr_line' id='line_1_31' title="bbox 387 3805 1244 3860; baseline -0.005 0"><span class='ocrx_word' id='word_1_262' title='bbox 387 3805 548 3860; x_wconf 80' lang='lat' dir='ltr'><strong>dominatur.</strong></span> <span class='ocrx_word' id='word_1_263' title='bbox 1242 3815 1244 3818; x_wconf 86' lang='grc'><strong><em>·</em></strong></span> 
     </span>
    </p>

    <p class='ocr_par' dir='ltr' id='par_1_15' title="bbox 387 3885 1443 4480">
     <span class='ocr_line' id='line_1_32' title="bbox 440 3885 1443 3967; baseline -0.003 -24"><span class='ocrx_word' id='word_1_264' title='bbox 440 3889 477 3944; x_wconf 84' lang='lat' dir='ltr'><strong><em>Et</em></strong></span> <span class='ocrx_word' id='word_1_265' title='bbox 494 3897 558 3964; x_wconf 79' lang='lat' dir='ltr'><strong>post</strong></span> <span class='ocrx_word' id='word_1_266' title='bbox 575 3885 641 3942; x_wconf 81' lang='lat' dir='ltr'><strong>haec</strong></span> <span class='ocrx_word' id='word_1_267' title='bbox 658 3907 733 3944; x_wconf 78' lang='lat' dir='ltr'><strong>mens</strong></span> <span class='ocrx_word' id='word_1_268' title='bbox 756 3907 828 3946; x_wconf 74' lang='lat' dir='ltr'><strong>meaa</strong></span> <span class='ocrx_word' id='word_1_269' title='bbox 849 3889 918 3946; x_wconf 83' lang='lat' dir='ltr'><strong><em>Nam</em></strong></span> <span class='ocrx_word' id='word_1_270' title='bbox 936 3899 964 3945; x_wconf 82' lang='grc' dir='ltr'><strong><em>ει</em></strong></span> <span class='ocrx_word' id='word_1_271' title='bbox 981 3891 1041 3967; x_wconf 76' lang='lat' dir='ltr'><strong>ipse</strong></span> <span class='ocrx_word' id='word_1_272' title='bbox 1058 3908 1118 3945; x_wconf 85' lang='lat' dir='ltr'><strong><em>amo</em></strong></span> <span class='ocrx_word' id='word_1_273' title='bbox 1136 3909 1294 3946; x_wconf 79' lang='lat' dir='ltr'><strong>sermonem.</strong></span> <span class='ocrx_word' id='word_1_274' title='bbox 1318 3887 1443 3944; x_wconf 84' lang='lat' dir='ltr'><strong>Poeman·</strong></span> 
     </span>
     <span class='ocr_line' id='line_1_33' title="bbox 389 3971 1440 4050; baseline -0.003 -21"><span class='ocrx_word' id='word_1_275' title='bbox 389 3975 519 4030; x_wconf 70' lang='lat' dir='ltr'><strong>deutero</strong></span> <span class='ocrx_word' id='word_1_276' title='bbox 538 3971 618 4028; x_wconf 80' lang='lat' dir='ltr'><strong>dixit:</strong></span> <span class='ocrx_word' id='word_1_277' title='bbox 641 3971 700 4030; x_wconf 83' lang='grc' dir='ltr'><strong><em>Ηοε</em></strong></span> <span class='ocrx_word' id='word_1_278' title='bbox 723 3984 765 4030; x_wconf 80' lang='lat' dir='ltr'><strong><em>eat</em></strong></span> <span class='ocrx_word' id='word_1_279' title='bbox 789 3995 913 4032; x_wconf 81' lang='lat' dir='ltr'><strong>arcanum</strong></span> <span class='ocrx_word' id='word_1_280' title='bbox 936 3977 1092 4050; x_wconf 72' lang='lat' dir='ltr'><strong>mysterium</strong></span> <span class='ocrx_word' id='word_1_281' title='bbox 1116 3995 1202 4049; x_wconf 85' lang='lat' dir='ltr'><strong>usque</strong></span> <span class='ocrx_word' id='word_1_282' title='bbox 1225 3973 1259 4029; x_wconf 87' lang='lat' dir='ltr'><strong><em>ad</em></strong></span> <span class='ocrx_word' id='word_1_283' title='bbox 1277 3973 1346 4027; x_wconf 82' lang='lat' dir='ltr'><strong>hauc</strong></span> <span class='ocrx_word' id='word_1_284' title='bbox 1364 3973 1440 4028; x_wconf 88' lang='lat' dir='ltr'><strong>diem.</strong></span> 
     </span>
     <span class='ocr_line' id='line_1_34' title="bbox 387 4055 1442 4137; baseline -0.001 -22"><span class='ocrx_word' id='word_1_285' title='bbox 387 4069 481 4115; x_wconf 78' lang='lat' dir='ltr'><strong>natura</strong></span> <span class='ocrx_word' id='word_1_286' title='bbox 500 4059 570 4114; x_wconf 84' lang='lat' dir='ltr'><strong>euim</strong></span> <span class='ocrx_word' id='word_1_287' title='bbox 587 4062 726 4116; x_wconf 81' lang='lat' dir='ltr'><strong>commista</strong></span> <span class='ocrx_word' id='word_1_288' title='bbox 745 4061 856 4129; x_wconf 87' lang='lat' dir='ltr'><strong>homiui,</strong></span> <span class='ocrx_word' id='word_1_289' title='bbox 874 4059 990 4137; x_wconf 85' lang='lat' dir='ltr'><strong>protulit</strong></span> <span class='ocrx_word' id='word_1_290' title='bbox 1008 4059 1141 4136; x_wconf 85' lang='lat' dir='ltr'><strong>quoddam</strong></span> <span class='ocrx_word' id='word_1_291' title='bbox 1158 4055 1314 4112; x_wconf 80' lang='lat' dir='ltr'><strong>miraculum</strong></span> <span class='ocrx_word' id='word_1_292' title='bbox 1332 4057 1442 4123; x_wconf 70' lang='lat' dir='ltr'><strong>admira·</strong></span> 
     </span>
     <span class='ocr_line' id='line_1_35' title="bbox 388 4143 1440 4224; baseline 0.001 -24"><span class='ocrx_word' id='word_1_293' title='bbox 388 4143 559 4200; x_wconf 73' lang='lat' dir='ltr'><strong>bilissimum.</strong></span> <span class='ocrx_word' id='word_1_294' title='bbox 581 4143 682 4201; x_wconf 79' lang='lat' dir='ltr'><strong>habens</strong></span> <span class='ocrx_word' id='word_1_295' title='bbox 700 4150 771 4203; x_wconf 78' lang='lat' dir='ltr'><strong>anim</strong></span> <span class='ocrx_word' id='word_1_296' title='bbox 789 4149 850 4224; x_wconf 80' lang='lat' dir='ltr'><strong>ipae</strong></span> <span class='ocrx_word' id='word_1_297' title='bbox 866 4145 1021 4200; x_wconf 80' lang='lat' dir='ltr'><strong>harmoniae</strong></span> <span class='ocrx_word' id='word_1_298' title='bbox 1039 4155 1142 4220; x_wconf 81' lang='lat' dir='ltr'><strong>septem</strong></span> <span class='ocrx_word' id='word_1_299' title='bbox 1160 4152 1295 4198; x_wconf 81' lang='lat' dir='ltr'><strong>rectorum</strong></span> <span class='ocrx_word' id='word_1_300' title='bbox 1312 4154 1440 4211; x_wconf 82' lang='lat' dir='ltr'><strong>naturam,</strong></span> 
     </span>
     <span class='ocr_line' id='line_1_36' title="bbox 390 4228 1440 4308; baseline 0.001 -23"><span class='ocrx_word' id='word_1_301' title='bbox 390 4248 468 4308; x_wconf 84' lang='lat' dir='ltr'><strong>quam</strong></span> <span class='ocrx_word' id='word_1_302' title='bbox 486 4229 543 4286; x_wconf 84' lang='lat' dir='ltr'><strong>dixi</strong></span> <span class='ocrx_word' id='word_1_303' title='bbox 560 4231 619 4296; x_wconf 85' lang='lat' dir='ltr'><strong>tibi,</strong></span> <span class='ocrx_word' id='word_1_304' title='bbox 639 4233 748 4307; x_wconf 83' lang='lat' dir='ltr'><strong>exigue</strong></span> <span class='ocrx_word' id='word_1_305' title='bbox 767 4242 795 4287; x_wconf 80' lang='lat' dir='ltr'><strong><em>et</em></strong></span> <span class='ocrx_word' id='word_1_306' title='bbox 812 4231 918 4307; x_wconf 75' lang='lat' dir='ltr'><strong>spiritu,</strong></span> <span class='ocrx_word' id='word_1_307' title='bbox 936 4250 991 4286; x_wconf 82' lang='lat' dir='ltr'><strong><em>uon</em></strong></span> <span class='ocrx_word' id='word_1_308' title='bbox 1008 4231 1107 4286; x_wconf 84' lang='lat' dir='ltr'><strong>mansit</strong></span> <span class='ocrx_word' id='word_1_309' title='bbox 1123 4237 1226 4297; x_wconf 81' lang='lat' dir='ltr'><strong>natura,</strong></span> <span class='ocrx_word' id='word_1_310' title='bbox 1244 4228 1292 4284; x_wconf 80' lang='lat' dir='ltr'><strong><em>sed</em></strong></span> <span class='ocrx_word' id='word_1_311' title='bbox 1310 4229 1383 4286; x_wconf 79' lang='lat' dir='ltr'><strong>illico</strong></span> <span class='ocrx_word' id='word_1_312' title='bbox 1396 4252 1440 4308; x_wconf 82' lang='lat' dir='ltr'><strong><em>pe·</em></strong></span> 
     </span>
     <span class='ocr_line' id='line_1_37' title="bbox 388 4314 1440 4394; baseline 0.001 -21"><span class='ocrx_word' id='word_1_313' title='bbox 388 4318 460 4394; x_wconf 82' lang='lat' dir='ltr'><strong>perit</strong></span> <span class='ocrx_word' id='word_1_314' title='bbox 477 4325 580 4392; x_wconf 78' lang='lat' dir='ltr'><strong>septem</strong></span> <span class='ocrx_word' id='word_1_315' title='bbox 597 4314 732 4383; x_wconf 76' lang='lat' dir='ltr'><strong>homiues,</strong></span> <span class='ocrx_word' id='word_1_316' title='bbox 756 4317 788 4372; x_wconf 89' lang='lat' dir='ltr'><strong><em>ad</em></strong></span> <span class='ocrx_word' id='word_1_317' title='bbox 809 4326 929 4372; x_wconf 87' lang='lat' dir='ltr'><strong>naturam</strong></span> <span class='ocrx_word' id='word_1_318' title='bbox 947 4325 1051 4394; x_wconf 79' lang='lat' dir='ltr'><strong>septem</strong></span> <span class='ocrx_word' id='word_1_319' title='bbox 1068 4325 1201 4372; x_wconf 80' lang='lat' dir='ltr'><strong>rectorum</strong></span> <span class='ocrx_word' id='word_1_320' title='bbox 1219 4315 1394 4374; x_wconf 82' lang='lat' dir='ltr'><strong>marisemiuas</strong></span> <span class='ocrx_word' id='word_1_321' title='bbox 1412 4328 1440 4374; x_wconf 84' lang='lat' dir='ltr'><strong><em>et</em></strong></span> 
     </span>
     <span class='ocr_line' id='line_1_38' title="bbox 389 4400 1439 4480; baseline -0.001 -22"><span class='ocrx_word' id='word_1_322' title='bbox 389 4402 526 4460; x_wconf 73' lang='lat' dir='ltr'><strong>sublimes.</strong></span> <span class='ocrx_word' id='word_1_323' title='bbox 545 4411 654 4480; x_wconf 74' lang='lat' dir='ltr'><strong>etpost</strong></span> <span class='ocrx_word' id='word_1_324' title='bbox 671 4400 750 4458; x_wconf 81' lang='lat' dir='ltr'><strong>haec:</strong></span> <span class='ocrx_word' id='word_1_325' title='bbox 770 4402 797 4459; x_wconf 89' lang='lat'>0</span> <span class='ocrx_word' id='word_1_326' title='bbox 813 4401 987 4472; x_wconf 76' lang='lat' dir='ltr'><strong>Paemauder,</strong></span> <span class='ocrx_word' id='word_1_327' title='bbox 1006 4403 1033 4458; x_wconf 86' lang='grc' dir='ltr'><strong><em>ἰο</em></strong></span> <span class='ocrx_word' id='word_1_328' title='bbox 1051 4421 1172 4478; x_wconf 81' lang='lat' dir='ltr'><strong>maguum</strong></span> <span class='ocrx_word' id='word_1_329' title='bbox 1190 4401 1351 4461; x_wconf 80' lang='lat' dir='ltr'><strong>desiderium</strong></span> <span class='ocrx_word' id='word_1_330' title='bbox 1368 4406 1439 4471; x_wconf 81' lang='lat' dir='ltr'><strong>veut,</strong></span> 
     </span>
    </p>
   </div>
   <div class='ocr_carea' id='block_1_4' title="bbox 0 0 1764 5434">
    <p class='ocr_par' dir='ltr' id='par_1_16' title="bbox 0 0 1764 5434">
     <span class='ocr_line' id='line_1_39' title="bbox 0 0 1764 5434; baseline 0 0"><span class='ocrx_word' id='word_1_331' title='bbox 0 0 1764 5434; x_wconf 95' lang='lat' dir='ltr'><strong><em> </em></strong></span> 
     </span>
    </p>
   </div>
  </div>
 </body>
</html>
