3517 5434
338 627 449 705 τιον·
868 573 927 680 έν

336 783 422 869 πρός,
454 782 688 869 φανερουμένου
716 782 748 846 έν
776 783 926 866 πνεύματι
956 785 1034 870 ἁγίῳ
1058 786 1122 852 τοῖς
1142 784 1364 870 ἁγιαζομένοις.
1407 785 1453 850 ότι

337 883 373 946 δέ
401 880 568 968 σεβάσμιός
596 881 676 944 ἐστιν
702 883 722 964 η
748 882 820 964 ἁγία
847 880 933 965 τριὰς
962 883 1003 967 μὴ
1031 881 1226 967 χωριζομένη
1260 884 1340 968 μηδὲ
1362 885 1452 947 ἀλλο·

336 979 513 1065 τριουμένη,
536 983 627 1042 τοῦτο
651 979 788 1044 διδάσκει
808 981 891 1063 ἡμᾶς
914 978 1039 1048 Παῦλος
1058 981 1089 1042 ἐν
1113 983 1152 1063 τῇ
1172 981 1249 1065 πρὸς
1270 979 1454 1066 Κορινθίους

336 1077 484 1162 έπιστολῇ
516 1075 646 1161 δευτέρη
677 1076 775 1160 λέγων
812 1077 912 1147 οότως
950 1078 992 1160 ,ἡ
1025 1077 1114 1163 χάρις
1144 1084 1198 1142 τοῦ
1229 1080 1334 1162 κυρίου
1362 1079 1452 1160 ἡμῶν

302 1173 438 1259 όἸησοῦ
456 1179 582 1261 χριστοῦ
604 1175 656 1237 καλ
676 1176 695 1258 ἡ
717 1174 819 1261 ἀγάπη
841 1181 896 1240 τοῦ
916 1176 993 1240 θεοῦ
1014 1176 1065 1238 καὶ
1087 1177 1106 1258 ἠ
1126 1177 1271 1240 κοινωνία
1290 1179 1345 1240 τοῦ
1364 1175 1451 1257 ἁγίου

335 1270 509 1356 πνεύματος
536 1272 613 1357 μετὰ
639 1272 760 1335 πάντων
789 1275 907 1358 ύμῶν“.
955 1274 1005 1338 καὶ
1027 1273 1117 1336 πάλιν
1141 1274 1192 1338 διὰ
1216 1279 1268 1358 τῆς
1292 1272 1454 1354 ἐπιστολῆς

337 1370 431 1453 δηλοῖ
456 1368 554 1453 λέγων
586 1372 623 1448 ,ό
653 1372 689 1435 δέ
719 1373 852 1458 βεβαιῶν
878 1374 961 1456 ἡμᾶς
985 1369 1038 1434 σὺν
1066 1371 1135 1455 ύμῖν
1167 1372 1211 1440 εἰς
1237 1371 1360 1456 χριστὸν
1382 1367 1451 1454 [41]

336 1467 388 1530 καὶ
412 1468 522 1552 χρίσας
546 1467 620 1536 θεός
648 1471 699 1532 καὶ
727 1471 976 1555 σφραγισάμενος
1003 1469 1085 1552 ἡμᾶς
1113 1469 1165 1532 καὶ
1192 1468 1265 1539 δοθς
1288 1469 1339 1531 τόν
1361 1469 1453 1552 ἀρρα·

338 1564 423 1649 βῶνα
442 1567 496 1626 τοῦ
516 1565 690 1648 πνεύματος
710 1567 742 1630 έν
762 1572 828 1636 ταῖς
844 1567 984 1652 καρδίαις
1000 1567 1121 1650 ῇμῶν“.
1157 1563 1201 1630 έτι
1215 1567 1251 1630 δὲ
1265 1565 1452 1652 σαφέστερον

287 1665 321 1718 16
338 1660 370 1724 έν
399 1665 439 1744 τῇ
466 1658 546 1744 αὐτῇ
576 1661 724 1748 ἐπιστολῇ
750 1666 864 1751 γράφει
894 1663 994 1733 οῦτως
1025 1663 1132 1746 ,ἡνίκα
1154 1662 1189 1727 ἀν
1211 1665 1454 1747 ἀναγινώσκηται

337 1755 492 1840 Μωῦσῆς,
519 1759 667 1844 κάλυμμα
687 1761 737 1824 ἐπὶ
756 1763 809 1846 τὴν
830 1762 957 1846 καρδίαν
980 1761 1081 1825 αὐτῶν
1104 1764 1216 1824 κεῖται·
1250 1762 1340 1844 ἡνίκα
1362 1759 1390 1822 δ’
1416 1758 1452 1824 ἂν

337 1854 505 1940 έπιστρέψη
533 1859 610 1942 πρδς
636 1859 758 1944 κύριον,
785 1863 988 1944 περιαιρεῖται
1006 1860 1040 1922 τθ
1061 1859 1223 1943 κάλυμμα·
1257 1860 1273 1922 6
1296 1859 1331 1922 δὲ
1351 1857 1454 1941 κύριος

336 1955 371 2017 τό
389 1957 521 2037 πνεῦμα.
557 1956 636 2020 όπου
658 1958 746 2021 δὲτὸ
765 1962 888 2040 πνεῦμα
908 1957 1053 2040 [κυρίου],
1077 1955 1145 2019 ἐκεῖ
1163 1955 1341 2040 ἐλευθερία·
1363 1955 1454 2036 ἡμεῖς

337 2051 374 2115 δὲ
400 2052 512 2121 πάντες
541 2052 825 2138 ἀνακεκαλυμμένῳ
851 2055 1010 2139 προσώπῳ
1040 2055 1094 2137 την
1120 2052 1210 2124 δόξαν
1234 2053 1339 2138 κυρίου
1365 2071 1452 2114 κατο-

287 2160 321 2215 ίέ
338 2148 533 2234 πτριῖόμενοι
560 2153 614 2236 τὴν
644 2151 738 2235 αὐτὴν
768 2151 872 2214 εῖκόνα
899 2150 1185 2237 μεταμορφούμεθα
1215 2151 1275 2214 ἀπὸ
1300 2149 1390 2232 δόξης
1411 2147 1454 2216 εἰς

337 2245 440 2324 δόξαν,
462 2247 602 2333 καθάπερ
623 2248 684 2312 ἀπδ
704 2247 811 2332 κυρίου
832 2247 1039 2330 πνεύματυς“.
1066 2249 1117 2311 καὶ
1129 2248 1219 2311 πάλιν
1234 2246 1317 2330 λέγει
1330 2243 1454 2313 Παῦλος

338 2343 407 2422 ,ἵνα
429 2343 593 2428 καταποθῇ
612 2345 647 2408 τδ
667 2344 778 2428 θνητδν
799 2345 858 2407 ὑπὸ
883 2349 937 2427 τῆς
960 2348 1055 2428 ῖωῇς·
1088 2347 1104 2410 6
1129 2347 1164 2410 δὲ
1187 2344 1454 2428 κατεργασάμενος

335 2443 418 2525 ἡμᾶς
438 2440 482 2507 είς
501 2438 576 2504 αύτδ
596 2445 686 2504 τοῦτο
706 2440 790 2520 θεός,
813 2442 830 2504 6
851 2440 925 2510 δοὺς
946 2442 1015 2526 ὑμῖν
1035 2443 1086 2505 τὸν
1106 2443 1273 2528 ἀρραβῶνα
1293 2445 1347 2504 τοῦ
1366 2438 1453 2502 πνεύ-
1487 2444 1489 2449 ’
1604 2437 1605 2442 ’

302 2593 304 2596 ,
336 2543 470 2621 ματος“·
498 2537 549 2601 καὶ
570 2538 660 2600 πάλιν
686 2539 778 2624 φησὶν
802 2539 1050 2616 ,συνιστάνοντες
1072 2539 1202 2608 ἑαυτοὺς
1225 2541 1268 2605 ίυς
1288 2537 1365 2601 θεοῦ
1390 2535 1452 2599 διά·
1498 2570 1502 2576 -
1604 2563 1605 2624 γ

284 2645 321 2702 w
337 2657 433 2713 κονοι,
455 2634 517 2716 [ἐν]
540 2633 683 2720 ὑπομονῇ
701 2633 818 2720 πολλῇ,
842 2637 873 2700 έν
896 2637 1047 2721 θλίψεσιν,
1072 2637 1118 2720 [ἐν
1139 2636 1308 2719 ἀνάγκαις,]
1334 2633 1366 2697 έν
1390 2656 1453 2696 στε-

336 2733 521 2818 νοχωρίαις*
552 2732 604 2795 καὶ
625 2732 663 2796 τὰ
684 2733 763 2818 ἑξῆς.
807 2733 874 2798 εἶτα
897 2733 1037 2819 ἐπιφέρει
1059 2733 1158 2816 λέγων
1186 2733 1236 2812 ,ἐν
1259 2730 1452 2818 χρηστότητι,

337 2830 370 2894 έν
395 2830 546 2914 πνεύματι
571 2829 666 2916 ἁγίῳ,
697 2831 729 2894 έν
755 2831 859 2916 ἀγάπη
889 2833 1097 2917 ἀνυποκρίτῳ,
1128 2830 1159 2895 έν
1187 2830 1271 2915 λόγῳ
1293 2828 1451 2912 ἀληθείας,

337 2927 369 2990 έν
397 2928 525 3011 δυνάμει
551 2927 661 2991 θεοῦ“.
711 2929 778 2992 ἰδοῦ
805 2928 863 3013 γὰρ
886 2931 937 2994 καὶ
962 2929 1097 2993 ἐνταῦθα
1118 2929 1227 3012 ὥρισεν
1253 2927 1269 2990 6
1294 2925 1378 3008 άγιος
1398 2924 1451 3008 τὴν
1549 2997 1552 3002 ,
1606 2899 1607 2904 ¹

336 3025 425 3108 άγίαν
444 3025 565 3109 τριάδα,
586 3024 744 3109 ὀνομάσας
763 3026 838 3090 θεόν
860 3027 912 3090 καὶ
932 3025 1024 3110 λόγον
1047 3025 1098 3088 καὶ
1119 3028 1240 3108 πνεῦμα
1263 3023 1359 3105 ἅγιον.
1401 3021 1452 3084 καὶ

285 3135 320 3190 w
336 3123 427 3186 πάλιν
448 3120 533 3205 λέγει
554 3123 631 3201 ,οῦκ
655 3123 759 3188 οἴδατε
777 3123 824 3187 ότι
844 3125 917 3192 ναὸς
935 3124 1012 3188 θεοῦ
1035 3122 1104 3187 ἐστε
1128 3122 1179 3186 καὶ
1200 3123 1234 3185 τδ
1255 3125 1377 3205 πνεῦμα
1396 3123 1451 3184 τοῦ

335 3221 412 3285 θεοῦ
437 3219 518 3284 οἰκεῖ
538 3220 569 3284 έν
593 3221 678 3305 ύμῖνγ
709 3221 742 3286 εί
764 3245 808 3291 τις
828 3222 879 3286 τδν
904 3221 978 3284 νοιδν
1001 3225 1056 3285 τοῦ
1077 3221 1154 3284 θεοῦ
1177 3217 1314 3304 φθείρει,
1342 3216 1456 3302 φθερεῖ

335 3321 443 3381 τοῦτον
467 3318 484 3382 6
505 3315 611 3387 θεός“.
654 3320 705 3382 καλ
724 3321 815 3384 πάλιν
839 3318 941 3398 ,ἀλλὰ
964 3319 1197 3394 ἀπελούσασθε,
1219 3317 1288 3380 ἀλλ’
1313 3315 1452 3378 έδικαιάι·

335 3415 411 3499 θητε
431 3413 462 3477 έν
484 3418 529 3498 τῳ
548 3413 676 3499 ὀνόματι
694 3419 749 3480 τοῦ
768 3417 874 3500 κυρίου
894 3407 982 3501 ἡμῶν
1000 3415 1105 3500 Ἰησοῦ
1122 3416 1172 3479 καὶ
1190 3415 1221 3477 ἐν
1241 3418 1286 3498 τῷ
1302 3411 1452 3495 πνεύματι

335 3517 391 3576 τοῦ
409 3511 488 3576 θεοῦ
505 3511 627 3594 ῇμῦν“.
663 3515 714 3576 καλ
733 3514 824 3576 πάλιν
850 3515 888 3598 ,ἢ
912 3514 968 3578 οὐκ
991 3511 1094 3579 οἴδατε
1113 3513 1159 3577 ότι
1172 3511 1210 3576 τὰ
1223 3511 1352 3594 σώματα
1365 3510 1451 3594 ὑμῶν

284 3621 321 3676 ³⁰
337 3611 411 3678 ναδς
437 3614 491 3673 τοῦ
523 3608 555 3672 έν
585 3609 654 3695 ύμῖν
682 3610 770 3692 ἁγίου
797 3611 972 3695 πνεύματός
996 3611 1074 3676 ἐστιν
1101 3609 1138 3674 ού
1160 3607 1249 3695 ἔχετε
1273 3609 1334 3673 ἀπδ
1356 3609 1452 3685 θεοῦς

337 3709 421 3772 δοκῶ
447 3707 506 3792 γὰρ
532 3706 616 3791 κάγὼ
640 3711 760 3793 πνεῦμα
783 3709 860 3774 θεοῦ
886 3707 999 3795 έχειν“.
1042 3709 1094 3772 καὶ
1115 3708 1206 3772 πάλιν
1230 3708 1280 3771 καὶ
1300 3706 1370 3790 περὶ
1391 3709 1450 3768 τῶν

336 3805 411 3869 υῖῦν
436 3803 563 3889 Ἰσραὴλ
592 3806 749 3870 διαλαλιῦν
779 3810 824 3876 όις
845 3806 1071 3892 βαπτισθέντων
1094 3805 1126 3869 έν
1148 3809 1188 3890 τῇ
1209 3802 1325 3888 νεφέλη
1348 3801 1451 3866 καὶέν

324 3906 376 3987 τῇ
396 3903 540 3987 θαλάσση
560 3904 652 3989 φησὶν
672 3902 718 3967 ότι
737 3905 867 3982 ,πάντες
885 3907 918 3969 τό
936 3902 1010 3966 αὐτὸ
1028 3905 1231 3987 πνευματικὸν
1249 3899 1334 3965 ἔπιον
1350 3897 1451 3982 πόμα·

336 3999 439 4064 ἔπινον
465 4000 524 4084 γὰρ
554 4000 589 4066 ἐκ
610 4006 817 4086 πνευματικῆς
840 4000 1076 4084 ἀκολουθούσης
1095 3999 1223 4085 πέτραςο
1257 3999 1277 4082 ἡ
1300 3997 1334 4060 δὲ
1354 3993 1451 4080 πέτρα

284 4109 320 4166 35
336 4096 374 4182 ἦν
397 4100 414 4162 6
438 4094 592 4182 χριστός“.
627 4099 678 4162 καλ
697 4101 788 4162 πάλιν
808 4099 893 4182 λέγει
916 4098 976 4177 ,δι’
994 4098 1010 4161 6
1031 4097 1169 4182 γνωρίζω
1192 4097 1261 4180 ύμῖν
1282 4094 1328 4160 ότι
1350 4092 1453 4162 οὐδεὶς

336 4194 369 4258 έν
393 4194 542 4278 πνεύματι
562 4194 639 4259 θεοῦ
662 4197 765 4258 λαλῶν
787 4197 871 4279 λέγει
896 4195 1039 4280 ἀνάθεμα
1055 4193 1176 4279 Ἰησοῦν
1201 4195 1253 4260 καὶ
1277 4191 1379 4260 ούδεὶς
1402 4189 1451 4255 δύ·

335 4315 424 4356 ναται
446 4293 541 4355 εἰπεῖν
564 4292 668 4378 κύριον
686 4291 807 4377 Ἰησοῦν
830 4293 919 4377 εἰμὴ
941 4293 973 4356 ἐν
995 4291 1145 4375 πνεύματι
1165 4291 1254 4376 ἁγίῳ.
1289 4287 1453 4373 διαιρέσεις

336 4391 373 4454 δέ
390 4391 588 4476 χαρισμάτων
611 4392 703 4468 εἰσίν,
724 4391 759 4454 τό
783 4391 818 4454 δὲ
839 4389 914 4455 αθτδ
935 4395 1067 4474 πνεῦμα,
1091 4390 1141 4453 καὶ
1163 4387 1327 4473 διαιρέσεις
1350 4389 1451 4452 διακο-

335 4493 408 4552 νιῦν
433 4489 508 4552 εἰσιν
529 4489 582 4552 καὶ
603 4488 726 4560 όαότδς
747 4488 860 4576 κύριος,
879 4489 931 4554 καὶ
953 4486 1117 4573 διαιρέσεις
1140 4485 1354 4572 ἐνεργημάτων
1376 4483 1450 4547 εἰσὶν
