3517 5434
339 827 527 910 πεντήκοντά
548 834 636 889 σου“.
669 827 721 889 καὶ
744 826 850 910 ἐπειδὴ
874 826 1018 896 τοιαύτας
1041 827 1138 895 αἰτίας
1159 827 1211 890 καλ
1232 825 1373 894 τοιαύτας
1394 826 1456 890 ἐπι·

339 924 440 1007 τιμίας
468 923 498 986 ἐν
528 925 611 994 τάξει
635 924 783 1007 πονηρίας
810 925 863 988 καὶ
890 927 997 996 κακίας
1023 927 1172 1004 τίθενται,
1202 926 1233 988 τί
1258 924 1363 1008 ἐροῦσι
1386 925 1457 1008 περὶ

340 1020 485 1096 Παύλου;
518 1021 599 1089 όστις
622 1022 698 1084 ποτέ
723 1025 775 1086 τὸν
802 1022 970 1107 λεγόμενον
999 1023 1175 1108 Βαριησοῦν
1202 1027 1252 1088 τδν
1282 1023 1377 1106 μάγον
1407 1023 1457 1086 ἐπὶ

337 1118 466 1203 Σεργίου
487 1115 615 1182 Παύλου
635 1118 824 1197 ἀνθυπάτου,
846 1125 889 1190 ὡς
910 1122 1122 1207 κακοτεχνίαις
1140 1125 1195 1184 τοῦ
1215 1119 1308 1202 λόγου
1329 1142 1455 1205 στρεφο-

305 1217 435 1301 σμένην
457 1218 511 1301 τὴν
532 1217 668 1280 διάνοιαν
691 1220 750 1280 τῶν
771 1218 1005 1302 παιδευομένων
1027 1220 1123 1303 έιύρα,
1148 1217 1204 1282 οῦκ
1224 1216 1362 1301 ἤνεγκεν,
1388 1217 1455 1280 ἐπε-

338 1315 457 1398 τίμησε,
478 1314 617 1400 στέρησιν
640 1320 699 1377 τῶν
724 1316 896 1400 ὀφθαλμῶν
922 1317 1095 1400 εἰργάσατο,
1119 1315 1248 1402 ἐβόησεν
1273 1316 1318 1392 ,ὦ
1336 1317 1457 1399 πλήρης

339 1413 433 1474 δόλου
457 1414 507 1476 καὶ
531 1415 632 1497 πάσης
653 1415 858 1498 ῥᾳδιουργίας,
883 1413 930 1476 υίέ
951 1415 1110 1500 διαβόλου,
1135 1413 1171 1476 ού
1193 1413 1298 1497 παύση
1321 1411 1455 1496 διαστρέ-

340 1532 407 1593 φων
430 1510 484 1579 τὰς
504 1510 597 1578 όδοδς
617 1511 722 1595 κυρίου
742 1510 796 1579 τὰς
814 1509 954 1587 εύθείας;
978 1512 1028 1574 καλ
1050 1511 1116 1576 ἰδοῦ
1138 1513 1205 1598 χεὶρ
1224 1511 1330 1594 κυρίου
1352 1511 1400 1572 ἐπὶ
1420 1511 1455 1574 σέ

338 1609 389 1672 καὶ
419 1605 475 1691 ἔση
504 1607 636 1692 τυφλός,
673 1609 714 1692 μὴ
746 1607 867 1692 βλέπων
895 1609 947 1670 τὸν
974 1609 1062 1692 ’ήλιον
1095 1609 1167 1696 α’ίχρι
1187 1613 1329 1693 καιροῦ“.
1372 1609 1401 1671 τί
1420 1608 1455 1670 δὲ

288 1721 323 1774 10
341 1705 447 1790 ἐροῦσι
463 1707 532 1790 περὶ
551 1711 605 1769 τοῦ
626 1704 760 1792 Πέτρου,
782 1706 833 1769 ύτε
848 1705 992 1774 Ἀνανίας
1008 1708 1059 1770 καὶ
1076 1706 1239 1793 Σάπφειρα
1256 1708 1456 1791 πωλήσαντος

337 1804 501 1887 κτημάτιον
525 1802 724 1888 ἐνοσφίσαντο
748 1802 851 1887 μέρος,
877 1803 971 1888 μέρος
995 1805 1030 1868 δέ
1051 1805 1258 1888 κεκομίκασιν,
1285 1803 1331 1866 ότι
1353 1804 1456 1888 κρίνας
1478 1846 1483 1877 .-

337 1902 389 1964 καὶ
409 1899 536 1983 ἐλέγξας
556 1901 607 1962 τδν
628 1901 682 1983 μὲν
699 1901 843 1964 Ἀνανίαν
864 1903 970 1984 νεκρὸν
996 1900 1110 1978 ἔδειξε,
1139 1901 1193 1985 τὴν
1218 1902 1252 1964 δὲ
1275 1900 1453 1985 Σάπφειραν

338 2003 382 2084 τῷ
412 1999 497 2082 αύτῷ
526 1998 686 2083 μνηματίιμ
711 1998 946 2083 παραδέδωκεν.
991 1997 1105 2063 ἔκειντο
1137 1999 1194 2084 γὰρ
1225 1999 1343 2084 νεκροί,
1372 1997 1455 2082 λόγῳ

338 2095 545 2180 ἀνηρημένοι,
575 2093 666 2178 κήκεῖ
694 2097 748 2180 μὲν
779 2097 813 2159 τδ
835 2101 895 2180 πῦρ
918 2097 1065 2180 κομισθὲν
1088 2097 1232 2181 ἀνήλισκε
1255 2096 1326 2165 τοὺς
1349 2097 1455 2180 ἀφικο-

288 2205 322 2259 15
340 2192 468 2276 μένους,
499 2193 563 2256 ὧδε
586 2193 621 2256 δὲ
644 2192 736 2276 λόγος
755 2193 918 2277 προελθὼν
941 2194 971 2256 ἐν
998 2194 1087 2280 ὄψεσι
1109 2201 1169 2258 τῶν
1192 2193 1454 2278 μαθητευομένων

338 2289 464 2375 νεκροὺς
497 2287 594 2360 ἔδειξε
626 2291 697 2361 τοὺς
730 2293 783 2375 τὴν
818 2292 915 2354 πίστιν
949 2291 1228 2376 κεκαπηλευκότας.
1281 2293 1371 2377 κάκεῖ
1398 2290 1454 2373 μέν

334 2383 510 2456 Ἐλισσαῖος
529 2389 619 2472 θηρσὶ
638 2388 676 2451 τὰ
698 2391 828 2474 στύματα
845 2393 906 2452 τῶν
928 2389 1043 2473 νηπίων
1064 2389 1190 2467 ἐδίδου,
1202 2391 1264 2453 ὧδε
1281 2392 1316 2454 δέ
1331 2387 1455 2456 Παῦλος

338 2483 455 2568 ἀρήρει
488 2485 541 2568 πἠν
573 2485 679 2571 βλέψιν
714 2492 774 2550 τῶν
808 2487 956 2571 Ιδμμσίτιον
990 2488 1041 2550 καὶ
1075 2489 1190 2571 τυφλὸν
1221 2490 1271 2552 τὸν
1301 2485 1455 2574 βλέποντα

338 2582 506 2664 εἰργάζετο.
543 2583 594 2645 καλ
613 2588 742 2648 τοιαῦτα
762 2587 944 2670 πράττοντες
963 2585 1017 2654 τὰς
1034 2585 1185 2668 ἐπιτιμίας
1207 2587 1387 2649 δεδώκασιν.
1426 2583 1455 2646 εί

287 2694 322 2751 90
340 2677 393 2742 οῦν
423 2680 472 2743 ἐπὶ
501 2678 627 2749 ἀτόποις
652 2682 672 2764 ή
702 2681 836 2766 ἐπιτιμία
864 2685 1097 2769 λα[μ]βοίνεται,
1128 2681 1237 2746 ἄτοποι
1263 2681 1380 2766 Πέτρος
1402 2681 1454 2745 καὶ

338 2775 480 2846 Παῦλος·
515 2778 543 2840 εἰ
571 2779 607 2842 δὲ
635 2780 728 2843 καλοί
755 2782 829 2844 εἰσιν
855 2781 901 2844 ότι
922 2780 1092 2846 ἀπόστολοί
1113 2781 1172 2843 εἰσι
1193 2781 1245 2843 καὶ
1266 2779 1359 2843 καλοί
1378 2779 1453 2841 εἰσιν

338 2875 384 2938 ότι
406 2875 644 2964 ἐπιτετιμήκασι,
667 2877 697 2940 τί
715 2879 891 2962 διαβάλλεις
914 2878 967 2947 τὰς
989 2878 1147 2961 ἐπιτιμίας,
1168 2879 1219 2942 καλ
1240 2880 1299 2940 τῶν
1324 2874 1454 2940 ἀποστό-

337 2968 400 3036 λων
429 2973 591 3057 ἐπιτιμίαις
613 2974 836 3059 χρησαμένων;
868 2975 896 3038 εἰ
916 2973 987 3043 τοῦς
1010 2975 1063 3057 μὲν
1087 2976 1279 3044 ἀποστόλους
1302 2972 1454 3060 ἀποδεχό-

338 3071 431 3155 μεθα,
454 3071 508 3140 τὰς
527 3072 563 3134 δέ
585 3071 735 3155 ἐπιτιμίας
755 3071 956 3156 μεμφόμεθα,
978 3073 1014 3134 ού
1034 3069 1111 3134 κατὰ
1129 3070 1296 3155 πρόσωπον
1315 3073 1344 3134 οἱ
1363 3070 1453 3154 νόμοι

285 3181 321 3236 δύ
338 3171 473 3254 κρίνουσι
492 3171 531 3234 τὰ
548 3173 711 3254 πράγματα
726 3171 746 3253 ἢ
762 3172 947 3250 δικάζουσιν,
971 3169 1007 3232 ού
1023 3169 1101 3254 πρδς
1112 3169 1149 3233 τὰ
1162 3168 1315 3253 πρόσωπα
1327 3169 1453 3254 ἐρεσχο-
1530 3200 1537 3208 ·

337 3269 437 3345 λοῦσι,
458 3274 498 3352 τή
515 3269 550 3330 δέ
564 3273 624 3330 τῶν
637 3268 778 3352 πράξεων
800 3266 957 3352 ὁμοιότητι
979 3266 1204 3352 συντρέχουσιν.
1238 3267 1330 3344 ἀλλά,
1346 3267 1453 3352 φησίν,

338 3363 479 3450 ἐλεήμων
505 3368 521 3430 ὁ
545 3365 627 3442 υίός,
656 3365 798 3449 ἐλεήμων
824 3367 840 3428 ό
863 3364 901 3427 τά
925 3363 1089 3447 εὐαγγέλια
1110 3366 1330 3448 γεγραφηκιύς,
1361 3365 1412 3428 καὶ
1436 3365 1452 3428 ό

337 3461 479 3546 ἐλεήμων
501 3461 639 3548 γέννημοί
660 3463 724 3525 ἐστι
744 3466 799 3525 τοῦ
822 3463 1006 3545 ἐλεήμονας,
1037 3462 1052 3524 δ
1077 3462 1111 3524 δὲ
1132 3459 1226 3544 νόμος
1252 3462 1384 3548 τραχύς,
1414 3455 1451 3524 ού

338 3562 550 3641 συγγινώσκων
573 3565 637 3629 τοῖς
656 3558 860 3642 ἡμαρτηκόσι,
884 3560 1056 3644 σπλάγχνον
1077 3559 1111 3620 δὲ
1134 3557 1246 3644 ἔχειτδ
1261 3558 1452 3643 εὐαγγέλιον,

285 3668 321 3722 α)
339 3656 504 3720 συστέλλου
534 3659 589 3742 μέν
617 3658 670 3726 τάς
696 3657 928 3740 πλημμελείας,
958 3655 1104 3740 κηρύττον
1134 3658 1168 3720 δὲ
1196 3657 1250 3726 τὰς
1280 3657 1452 3742 μετανοίας.

337 3754 404 3838 ἰδοῦ
426 3755 484 3839 γὰρ
506 3758 522 3819 ό
547 3758 666 3840 σωτήρ,
690 3749 828 3832 λέξουσι,
849 3756 900 3818 καὶ
924 3752 1042 3838 Πέτρου
1067 3753 1282 3837 ἀρνησαμένου
1307 3754 1451 3840 ἐφείσατο

336 3853 387 3916 καὶ
409 3853 575 3938 ἁμάρτημα
594 3856 772 3938 τηλικοῦτον
792 3850 1076 3936 πεπλημμεληκότα
1095 3851 1258 3934 παρίστησι
1278 3852 1329 3916 καὶ
1352 3852 1452 3934 ἁπλῆν

336 3949 389 4033 τὴν
412 3951 645 4036 φιλανθρωπίαν
668 3951 931 4036 προσπεποίηται,
963 3947 1134 4032 ὑπόδειγμα
1159 3951 1211 4014 τὸν
1241 3948 1338 4034 ἄνδρα
1363 3949 1452 4012 παντὶ

335 4053 380 4132 τῷ
409 4048 467 4133 βίιρ
495 4050 746 4126 καταλελοιπώς,
777 4047 826 4110 ίνα
853 4053 906 4131 τῆς
938 4049 1050 4110 ἑαυτοῦ
1087 4045 1321 4130 φιλανθρωπίας
1347 4045 1452 4110 εἰκόνα

283 4155 319 4211 αὗ
338 4144 454 4208 ἐκεῖνον
472 4147 630 4230 παράσχη.
665 4146 695 4208 τί
714 4144 767 4209 οῦν
789 4148 806 4210 ό
826 4144 936 4229 νόμος;
959 4143 1020 4228 ἀρα
1037 4143 1151 4226 ἀπορεῖ
1162 4147 1216 4226 ιής
1231 4146 1389 4228 μιμήσεως
1401 4145 1452 4207 καὶ

335 4244 529 4325 κατάλληλον
552 4241 656 4307 εἰκόνα
678 4242 735 4306 ούκ
757 4242 839 4328 ἔχει,
862 4244 913 4305 καὶ
937 4239 1053 4325 Πέτρος
1074 4241 1127 4324 μὲν
1154 4242 1322 4310 σπουδαίας
1339 4243 1382 4304 ὢν
1401 4241 1452 4304 καὶ

336 4341 465 4424 σφαλεὶς
485 4339 596 4424 ἀφέσει
615 4340 667 4403 καὶ
686 4341 882 4425 συγχωρήσει
903 4340 1068 4423 τετίμηται,
1091 4337 1192 4407 οὐδεὶς
1214 4339 1249 4400 δέ
1263 4338 1294 4402 ἐν
1309 4344 1353 4425 τῷ
1365 4337 1452 4424 νόμην

334 4438 561 4522 πλημμελήσας
572 4438 623 4501 καὶ
635 4436 716 4520 μέγα
728 4438 954 4522 πλημμελήσας
965 4439 1003 4520 πή
1016 4436 1161 4520 μετανοίᾳ
1172 4436 1225 4520 τὴν
1239 4434 1347 4520 ἀφεσιν
1362 4435 1451 4518 ἐμνη-

336 4533 482 4598 στεύσατο
490 4560 500 4612 3
518 4537 547 4599 εἰ
559 4535 683 4621 μὲνγὰρ
697 4535 869 4619 ἀγνοοῦσιν,
885 4535 1015 4620 ἐροῦμεν
1028 4536 1061 4598 τδ
1074 4532 1285 4618 γεγραμμένον
1301 4531 1450 4616 ,ἐλέησόν
