3517 5434
880 625 921 684 98

346 785 473 872 ἄνδρες,
506 783 604 871 ἐφάνη
627 792 682 852 τοῦ
706 789 927 875 φιλανθρώπου
951 792 970 873 ἡ
995 789 1116 874 δωρεά,
1148 789 1262 875 ἐβόησε
1284 792 1460 872 συνηγορῶν

346 886 517 960 ύῦικάίων,
536 883 603 946 εἶπε
623 890 666 970 τῷ
686 886 798 949 ἑαυτοῦ
818 887 921 972 οἰκέτῃ
946 889 993 964 ,εέ
1013 887 1049 950 σῦ
1070 887 1186 972 ἐφείσω
1208 887 1283 970 ὑπὲρ
1300 889 1355 968 τῆς
1371 889 1461 950 καλυ-

345 982 474 1066 κύνθης,
508 982 582 1064 ὑπὲρ
604 981 642 1064 ἧς
664 982 720 1045 οὐκ
743 984 996 1069 ἐκακοπάθησας,
1024 986 1043 1068 ἢ
1069 985 1127 1047 ὑπὸ
1152 984 1244 1048 νύκτα
1265 982 1385 1066 ἐγένετο
1408 984 1460 1046 καὶ

346 1081 404 1143 ύπδ
425 1080 517 1144 νύκτα
541 1080 702 1159 ἀπώλετο,
734 1080 794 1163 ἐγὼ
824 1082 859 1145 δέ
881 1083 918 1146 οῦ
940 1084 1087 1167 φείσομαι
1109 1082 1185 1166 ύπέρ
1209 1080 1314 1144 Νινευῒ
1333 1085 1386 1163 τῆς
1406 1079 1459 1142 πό·

310 1180 426 1244 έλεως
447 1181 500 1259 τὴς
523 1177 666 1260 μεγάλης,
689 1177 720 1240 ἐν
740 1175 761 1263 ἡ
785 1185 962 1264 κατοικοῦσι
983 1180 1109 1248 πλείους
1130 1181 1149 1264 ἡ
1173 1180 1298 1244 δώδεκα
1315 1177 1460 1262 μυριάδες

345 1273 465 1359 ἀνδρῶν
484 1276 535 1337 καὶ
555 1275 646 1356 κτήνη
670 1277 805 1351 πολλάς“
833 1277 883 1339 καὶ
907 1279 1032 1361 φειδοῦς
1054 1276 1091 1361 ἡν
1115 1278 1187 1346 θεὸς
1206 1279 1257 1341 καὶ
1274 1277 1407 1360 φανερὸς
1421 1273 1458 1357 ἡν

345 1372 363 1434 6
384 1371 593 1455 φθεγγόμενος
613 1374 629 1435 6
652 1377 702 1434 νῦν
729 1371 782 1452 μέν
805 1379 901 1437 ταῦτα
924 1375 1064 1459 εἰρηκώς,
1087 1375 1117 1437 ἐν
1141 1375 1176 1438 δὲ
1197 1373 1458 1458 ἑτέρῳπροφήιη

346 1469 505 1554 βεβρηκιθς
541 1469 596 1545 ,ού
629 1465 781 1554 βούλομαι
809 1474 860 1536 τδν
891 1472 1022 1535 θάνατον
1055 1475 1120 1534 τοῦ
1140 1473 1326 1556 άμαρτωλοῦ
1357 1475 1399 1538 ὡς
1424 1471 1458 1532 τὸ

346 1563 526 1649 ἐπιστρέψαι
561 1568 611 1629 καὶ
644 1571 697 1649 ξὴν
731 1567 856 1646 αύτόν“,
891 1571 907 1633 6
935 1571 992 1632 ύπδ
1024 1575 1084 1632 τῶν
1117 1568 1327 1651 ἐπισταμένων
1357 1569 1458 1650 ὑμνεῖν

296 1669 330 1724 10
348 1663 609 1747 δοξολογούμενος
631 1665 812 1749 ,οἰκτίρμων
833 1668 884 1729 καὶ
905 1666 1046 1750 ἐλεήμων
1071 1669 1087 1731 6
1110 1667 1231 1750 κύριος,
1262 1664 1461 1749 μακρόθυμος

345 1762 396 1822 καί
411 1753 617 1831 πολυέλεος“.
654 1766 832 1846 τηλικοῦτον
854 1763 912 1848 γολρ
934 1763 1069 1846 πέλαγός
1090 1764 1168 1826 ἐστιν
1193 1765 1355 1847 οἰκτιρμῶν
1376 1761 1460 1846 παρὰ

343 1855 390 1942 τηῖ
418 1856 500 1942 θεῷ,
532 1863 575 1929 ίυς
601 1861 652 1924 καὶ
672 1861 725 1944 τήν
750 1860 913 1946 ἐλαχίστην
936 1862 987 1924 καὶ
1012 1861 1203 1947 βραχυτάτην
1226 1862 1277 1924 καὶ
1299 1865 1359 1923 τῶν
1379 1861 1459 1922 πάνυ
1538 1912 1547 1928 ,

346 1956 547 2037 φαυλοτάτων
568 1959 645 2042 πρὸς
666 1959 827 2041 μετάνοιαν
853 1959 949 2043 ῥοπὴν
976 1958 1017 2041 μὴ
1039 1959 1181 2043 ἀτίμητον
1205 1959 1306 2022 ἐᾶσαι.
1348 1958 1459 2044 σχεδόν

345 2052 403 2137 γὰρ
432 2054 477 2124 εἰς
502 2053 597 2137 πέρας
624 2057 730 2125 κακίας
758 2054 947 2139 ἐληλακότας
970 2061 1024 2120 τοῦ
1044 2055 1167 2141 Ἀχαόιβ
1191 2058 1241 2120 καλ
1264 2057 1375 2138 ὀλίγως
1393 2073 1461 2123 πως

296 2160 328 2214 16
345 2151 573 2234 κατανογέντος,
595 2154 752 2237 τετίμηκεν
774 2154 879 2222 όθεδς
900 2155 951 2217 καὶ
974 2152 1072 2224 ἔδειξε
1091 2160 1134 2240 τῷ
1155 2151 1257 2235 οἰκέτῃ
1280 2154 1313 2216 τὸ
1334 2157 1461 2236 πρᾶγμα

344 2249 395 2310 καὶ
415 2249 587 2314 συνέστειλε
605 2252 658 2333 τήν
673 2252 813 2334 ἀπειλήν,
832 2250 944 2336 χρόνον
959 2254 1012 2332 τῆς
1026 2249 1175 2336 ἐπιτιμίας
1189 2247 1300 2330 μεταέῦ
1315 2251 1459 2332 καταλιμ·

344 2347 459 2409 πάνων.
500 2345 600 2422 ,εἶδες
620 2348 726 2430 (φησι)
747 2352 813 2416 πῶς
831 2347 979 2430 κατενύγη
998 2345 1137 2432 Ἀχαάβς
1173 2346 1208 2410 οὐ
1234 2345 1274 2430 μὴ
1298 2346 1401 2415 ἐπάξω
1422 2345 1460 2410 τῦ

344 2441 424 2505 κακὰ
445 2442 479 2513 ἐν,
497 2446 562 2510 ταῖς
581 2442 711 2527 ἡμέραις
732 2444 843 2522 αὐτοῦ,
866 2444 934 2506 ἀλλ’
962 2443 993 2506 ἐν
1018 2443 1150 2528 ἡμέραις
1171 2444 1310 2518 ἄλλαις“,
1332 2443 1382 2506 ἵνα
1408 2444 1460 2507 καὶ

345 2538 398 2622 τὴν
423 2538 585 2624 ἐλαχίστην
610 2541 719 2624 ῥανίδα
744 2546 797 2623 τῆς
820 2541 983 2625 μετανοίας
1004 2543 1115 2626 τιμήση
1140 2548 1179 2626 τή
1201 2539 1361 2626 πρεπούση
1386 2545 1461 2623 τιμή

294 2649 330 2704 w
348 2638 365 2702 6
386 2635 468 2706 θεός.
510 2636 673 2702 καὶταῦτα
693 2639 747 2721 μὲν
765 2638 856 2724 μέχρι
874 2639 983 2702 τούτου
1004 2637 1221 2724 προειρηκότες
1239 2639 1460 2721 κατελήξαμεν,
1508 2707 1509 2710 ¹

345 2734 395 2798 ἵνα
422 2736 473 2798 καὶ
502 2737 519 2798 6
546 2737 615 2819 περὶ
642 2735 738 2819 νόμου
762 2735 853 2819 λόγος
877 2737 918 2821 μὴ
942 2739 1100 2805 παντελῶς
1122 2735 1313 2820 ἀγύμναστος
1334 2737 1461 2798 καταλε-

346 2832 509 2916 λειμμένος
538 2833 682 2919 ύπάρχη,
721 2832 813 2916 μόνον
842 2838 931 2896 τοῦτο
960 2832 1267 2920 πρυσγεγραφηκότες
1295 2833 1340 2896 ότι
1372 2831 1462 2909 ,σκιὰ

346 2929 439 3014 νόμος
457 2936 517 2994 τῶν
539 2930 713 3015 μελλόντων
734 2932 892 3014 ἀγαθῶν“.
926 2934 977 2996 καὶ
993 2933 1051 3018 γὰρ
1066 2932 1263 3016 παιδαγωγὸς
1276 2931 1462 3014 συμπράττει

345 3032 390 3113 τῷ
417 3030 502 3092 παιδὶ
526 3029 577 3092 καὶ
599 3034 638 3112 πή
660 3030 715 3114 νέφ
736 3030 856 3114 ἡλικίη,
881 3029 993 3115 μέχρις
1014 3029 1050 3094 οῦ
1072 3032 1089 3094 6
1114 3029 1297 3098 διδάσκαλος
1322 3027 1375 3110 τὴν
1400 3027 1460 3098 ἕξιν

294 3135 329 3190 m
347 3126 537 3210 παραλαβὼν
563 3132 626 3196 τοῖς
653 3128 815 3212 μαθήμασι
843 3130 906 3196 τοῖς
931 3128 1049 3211 μείζοσι
1071 3128 1214 3212 παραδῷ.
1262 3125 1460 3208 καιριώτερον

345 3223 402 3305 γάρ
417 3245 460 3291 τις
473 3224 646 3307 δυνήσεται,
665 3225 774 3310 ταύτην
796 3226 875 3288 ἐδίαν
901 3224 1046 3288 ὑπόθεσιν
1061 3223 1201 3308 θέμενος,
1221 3217 1460 3298 κατασκευάσαι,

345 3325 411 3388 πῶς
434 3321 487 3403 μέν
513 3321 584 3398 ,διὰ
605 3319 749 3391 Μωσέως
771 3325 787 3388 6
812 3321 920 3405 νόμος,
944 3322 1004 3386 ἀπὸ
1030 3323 1065 3384 δέ
1087 3321 1192 3406 κυρίου
1214 3322 1233 3404 ἡ
1257 3321 1346 3405 χάρις
1365 3319 1416 3403 καὶΙ
1439 3320 1459 3401 ἡ

346 3417 479 3500 ἀλήθεια
505 3417 659 3500 ἐγένετο“,
689 3421 780 3503 ἡμεῖς
807 3420 914 3481 δὲκαὶ
937 3423 996 3482 τῶν
1024 3418 1136 3504 ἐτέρων
1161 3418 1383 3502 ἐπιχειρήσεων
1405 3421 1460 3479 τοῦ

346 3513 543 3598 ἐκτρώματος
561 3515 771 3600 ἐφαψάμεθα,
794 3516 848 3599 τὴν
869 3514 964 3599 ἄλλην
987 3515 1100 3580 ἄτοπον
1121 3515 1215 3578 αὐτοῦ
1237 3514 1327 3585 δόξαν
1349 3515 1461 3582 ἐντοῖς

294 3624 330 3678 30
348 3613 462 3694 λογίοις
483 3611 701 3696 παρατιθέντες
722 3614 773 3676 καὶ
794 3617 860 3680 ταῖς
884 3612 1038 3682 ἐξετάσεσι
1057 3619 1250 3697 γυμνοῦντες,
1275 3613 1359 3681 ὅπως
1382 3611 1459 3694 (εἴγε

346 3709 410 3773 οίόν
434 3732 467 3772 τε
489 3709 567 3790 ἐστί)
590 3709 643 3778 τὰς
663 3709 838 3793 αίρεθείσας
860 3709 995 3779 διανοίας
1015 3715 1068 3792 τῆς
1088 3708 1202 3792 ἀλόγου
1226 3709 1317 3793 δόξης
1338 3709 1459 3794 ἐξυφαι·

345 3811 438 3890 ρήσαι
461 3806 653 3890 δυνηθῶμεν.
694 3806 822 3878 ἐξέτεινε
843 3807 900 3892 γὰρ
924 3807 1033 3870 ἑαυτὸν
1055 3808 1106 3870 καὶ
1132 3806 1222 3892 μέχρι
1242 3813 1296 3871 τοῦ
1315 3809 1459 3892 δημιουρ·

344 3905 492 3987 γήματος,
514 3906 566 3968 καλ
588 3909 678 3968 τοῦτο
702 3907 736 3969 τὸ
754 3904 937 3990 φαινόμενον
960 3905 1081 3988 ποίημα
1102 3909 1156 3968 τοῦ
1180 3905 1360 3974 ἀπατεῶνος
1382 3903 1460 3968 εἶναι

344 4001 464 4085 ποίημα
491 4003 636 4088 βούλεται
663 4005 715 4066 καὶ
735 4002 814 4066 εἶναι
833 4005 884 4066 τὸν
909 4002 1072 4087 ἄνθρωπον
1095 4001 1223 4084 πλάσμα
1243 4007 1297 4066 τοῦ
1320 4004 1459 4086 πονηροῦ

291 4111 328 4166 θό
345 4100 396 4162 καὶ
418 4098 496 4163 εἶναι
521 4101 575 4185 μὲν
596 4103 648 4186 τὴν
673 4103 773 4188 ψυχὴν
798 4102 859 4165 άπὸ
883 4099 971 4180 θεοῦ,
995 4099 1072 4164 εἶναι
1096 4100 1130 4164 δέ
1154 4098 1240 4183 παρὰ
1252 4104 1306 4164 τοῦ
1320 4103 1458 4182 πονηροῦ

343 4198 559 4283 ἡρμοσμένην,
592 4200 643 4264 καὶ
668 4198 826 4282 γεγονέναι
852 4201 905 4263 τδν
933 4196 1097 4282 ἄνθρωπον
1120 4197 1173 4281 τήν
1198 4199 1252 4282 μὲν
1276 4196 1382 4260 οῦσίαν
1404 4200 1459 4260 τοῦ

345 4295 489 4378 σώματος
508 4297 570 4361 άπὸ
590 4301 643 4380 τῆς
665 4296 772 4365 υῦσίας
794 4294 947 4381 εἰληφότα
968 4299 1022 4358 τοῦ
1046 4298 1194 4378 πονηροῦ,
1216 4295 1269 4378 τὴν
1295 4296 1330 4360 δέ
1352 4293 1459 4358 οῦσίαν

343 4395 397 4474 τῆς
418 4399 519 4479 ψυχῆς
540 4397 583 4462 ὡς
603 4396 714 4456 σκῦλον
738 4394 759 4477 ἢ
784 4394 923 4478 λάφυρον
948 4392 1008 4456 ἀπδ
1033 4393 1108 4455 θεοῦ
1134 4392 1317 4478 ληφθεῖσαν,
1341 4393 1399 4454 ύπδ
1424 4391 1460 4454 δέ

344 4494 399 4553 τοῦ
425 4495 563 4575 πονηροῦ
593 4491 924 4575 λαφυραγωγηθεῖσαν.
961 4489 1060 4560 οὕτως
1088 4487 1123 4554 ἔκ
1145 4513 1178 4554 τε
1201 4495 1254 4574 τῆς
1275 4492 1458 4574 λαφυραγω-
