3517 5434
311 779 363 826 cop.
382 759 408 810 4.
775 754 792 822 ἢ
809 753 899 823 μονάς.

312 908 497 995 διατριβήν·
522 912 577 974 καὶ
599 906 912 1000 καταφρονήσαντες
934 907 1065 974 πάντων
1088 913 1152 975 τῶν
1175 915 1366 992 σωματικῶν

311 1026 366 1087 καὶ
394 1015 580 1105 ἀσωμάτων
609 1024 660 1086 ἐπὶ
683 1017 721 1087 τὸ
743 1024 779 1086 ἓν
801 1025 856 1086 καὶ
886 1017 991 1105 μόνον
1021 1017 1235 1087 στιεήὸουσιν.’
1273 1015 1365 1100 αὕτη,
1391 1027 1409 1093 6

277 1124 336 1198 oo}

310 1246 365 1309 καὶ
388 1242 409 1322 ή
432 1245 492 1310 τοῦ
515 1246 603 1309 θεοῦ
622 1240 830 1324 κατανόησις,
852 1247 952 1309 θείου
976 1239 1072 1319 ὄντος
1096 1245 1154 1308 τοῦ
1168 1243 1340 1329 κρατῆρος.

382 1351 473 1419 Τάτ.
520 1351 623 1437 Κάγώ
646 1357 881 1437 βαπτισθῆναι
902 1351 1076 1439 βούλομαι,
1100 1345 1125 1418 oi
1147 1351 1259 1437 πάτερ.

275 1480 290 1530 t
378 1464 524 1552 Ὲρμής.
574 1462 648 1530 Ἐὰν
676 1461 722 1550 μή
744 1466 875 1552 πρῶτον
898 1461 936 1532 τὸ
960 1463 1056 1550 σῶμά
1080 1485 1140 1530 σου
1162 1462 1315 1556 μισήσῃς,
1340 1457 1363 1528 ὦ

309 1579 430 1655 τέκνον,
453 1573 593 1644 σεαυτὸν
615 1579 756 1667 φιλῆσαι
771 1576 811 1642 οὐ
826 1573 981 1645 δύνασαι·
1006 1572 1151 1667 φιλήσας
1175 1577 1208 1642 δὲ
1225 1571 1365 1642 σεαυτὸν

309 1689 388 1753 νοῦν
411 1686 504 1768 ἕξεις,
532 1691 586 1754 καὶ
610 1684 670 1752 τὸν
691 1690 772 1754 νοῦν
800 1691 881 1774 ἔχων
904 1689 1041 1768 καὶτῆς
1064 1683 1243 1771 ἐπιστήμης
1264 1710 1363 1771 μετα-

276 1795 408 1887 λλλήψῃ.

383 1906 472 1974 Τάτ.
520 1910 601 1984 Πῶς
623 1912 728 1973 ταῦτα
750 1911 859 1992 λέγεις,
884 1901 910 1972 oi
931 1906 1051 1998 πάτερ,

384 2013 498 2108 Ἑρμῆ
506 2045 531 2097 ς.
568 2015 745 2084 Ἀδύνατον
759 2015 824 2106 γάρ
846 2026 944 2100 ἐστιν,
967 2011 993 2084 ὦ
1015 2023 1136 2100 τέκνον,
1158 2023 1233 2107 περὶ
1255 2018 1364 2109 ἀμφό-

260 2152 292 2202 12
311 2155 388 2216 τερα
410 2133 576 2215 γίνεσθαι,
598 2134 671 2218 περὶ
694 2127 736 2196 τὰ
759 2126 873 2210 θνητὰ
897 2129 1024 2211 δηλαδή
1046 2135 1102 2198 καὶ
1124 2128 1166 2197 τὰ
1190 2135 1279 2199 θεῖα.
1304 2128 1362 2196 δύο

309 2238 373 2329 γὰρ
396 2237 502 2308 ὅντων
524 2244 590 2307 τῶν
612 2235 733 2320 ὄντων,
763 2239 916 2325 σώματος
944 2245 999 2308 καὶ
1029 2239 1220 2328 ἀσωμάτου,
1251 2248 1285 2310 ἐν
1314 2239 1364 2318 οἷς

309 2349 347 2418 τὸ
368 2348 501 2434 θνητὸν
522 2347 630 2418 καὶτὸ
645 2354 745 2419 θεῖον
766 2362 905 2435 νοεῖται,
922 2353 942 2435 ή
959 2358 1085 2440 αἵρεσις
1099 2357 1247 2442 θατέρου
1261 2377 1363 2420 κατα-

260 2489 290 2538 15
310 2467 452 2530 λείπεται
473 2466 520 2548 τῷ
541 2467 681 2529 ἑλέσθαι
701 2466 902 2550 βουλομένῳ.
938 2462 1063 2552 οὐγὰρ
1087 2469 1173 2532 ἔστιν
1188 2462 1363 2555 ἀμφότερα

309 2578 499 2642 συνελθεῖν·
521 2582 558 2642 ὲν
580 2570 630 2653 οἷς
649 2600 685 2641 τε
707 2574 729 2655 ή
752 2575 912 2663 ἐξαίρεσις
932 2579 1171 2654 καταλείπεται,
1193 2570 1231 2640 τὸ
1254 2581 1363 2662 ἕτερον

379 2813 403 2864 1.
423 2811 479 2876 καὶ]
498 2812 533 2862 εἰσ
550 2813 583 2874 Β,
601 2833 651 2864 om.
670 2813 751 2865 ceteri.
826 2813 852 2864 3.
870 2813 986 2884 ὶντορίοι]
1011 2834 1041 2866 un
1061 2816 1164 2882 θεωρία
1183 2814 1221 2863 vei
1240 2811 1364 2882 ἱστορίαὲ

380 2895 404 2948 8,
424 2897 450 2948 9.
469 2897 611 2966 καταλήψῃ
633 2902 663 2948 Α.
742 2897 783 2947 12.
808 2897 878 2966 περὶ]
898 2897 932 2947 sic
950 2897 1009 2959 AB,
1033 2917 1083 2949 om.
1107 2897 1187 2948 ceteri.
1210 2891 1222 2963 Η
1265 2897 1364 2962 δηλαδή

379 3001 429 3033 om.
449 2984 481 3032 A.
558 2981 599 3032 14.
618 2981 729 3048 νοεῖται]
753 2982 788 3032 cic
806 2980 843 3040 Β,
865 3001 917 3030 om.
941 2980 1021 3032 cetcri.
1096 2979 1137 3032 16.
1156 2978 1305 3044 συνελθεῖν]
1329 2980 1364 3030 sic

379 3068 411 3133 B,
430 3088 480 3119 om.
497 3053 580 3120 ceteri.
601 3063 615 3135 ΙΙ
661 3068 760 3136 αἵρεσις
778 3085 855 3130 morg.
873 3065 904 3116 B.
924 3061 938 3131 Η
985 3079 1042 3134 post
1066 3065 1097 3117 τὸ
1122 3067 1192 3116 codd.
1217 3066 1309 3116 hubent
1328 3068 1363 3129 δὲ,

379 3153 469 3205 deiecit
482 3153 545 3206 Pulc.
567 3148 580 3221 Η
617 3151 715 3224 ἕτερον]
735 3149 847 3221 ὕστερον
864 3150 960 3216 Vcegic.

308 3371 422 3439 dissent,
439 3369 614 3426 infortunium
632 3379 759 3446 putarunt
781 3388 849 3444 qnue
867 3367 912 3423 hic
930 3377 971 3424 est
988 3388 1100 3437 momm;
1119 3379 1146 3424 et
1163 3371 1262 3445 spretis
1281 3373 1363 3426 omoi-

308 3459 358 3513 bus
377 3460 516 3534 corporeis
536 3466 563 3512 et
580 3458 747 3533 incorporeis
765 3456 800 3512 ud
819 3476 900 3513 unum
918 3465 945 3510 ot
958 3454 1044 3512 solum
1062 3454 1196 3511 festinant.
1232 3455 1298 3512 hoec
1311 3467 1362 3525 est,

309 3564 325 3596 o
343 3543 409 3611 Tat,
432 3547 530 3599 mentio
554 3545 680 3611 scientio,
704 3542 855 3600 divinorum
877 3543 1010 3619 inspectio
1034 3551 1060 3597 et
1083 3541 1125 3598 dei
1149 3542 1361 3617 comprehensio,

310 3631 370 3702 quia
389 3629 496 3686 divinus
516 3640 559 3685 est
576 3639 668 3685 crater.

361 3713 429 3769 Tot.
466 3715 502 3769 Et
521 3733 569 3788 ego
588 3716 706 3788 immergi
725 3713 797 3780 volo,
817 3734 834 3768 o
851 3722 937 3789 putor.

360 3798 505 3855 Hermen.
533 3799 593 3854 Nisi
611 3802 686 3875 prius
705 3818 804 3874 corpus
816 3808 891 3854 tuum
904 3798 967 3854 odio
979 3798 1113 3867 habueris,
1133 3798 1215 3868 ofili,
1234 3808 1261 3854 te
1273 3801 1362 3876 ipsum

308 3906 393 3940 amare
411 3906 466 3942 nou
484 3895 575 3962 potem
593 3895 622 3940 te
640 3888 727 3961 ipsum
745 3903 811 3939 vero
830 3904 889 3938 cum
907 3889 1043 3952 amoveris,
1061 3895 1176 3942 mentem
1194 3885 1316 3952 habebis,
1335 3896 1362 3940 ct

307 3982 421 4027 mentem
439 3972 541 4027 habens
559 3973 698 4026 scientiam
716 3989 824 4046 qnoque
841 3969 1007 4046 adipisceris.
1057 4031 1061 4034 ,

360 4057 429 4114 Tot.
467 4057 612 4133 Quomodo
629 4057 695 4114 haec
714 4056 791 4123 dicis,
811 4076 827 4111 o
845 4059 941 4132 puter?

360 4143 511 4202 Hermen·
539 4143 709 4222 impossibile
727 4163 841 4218 numque
859 4153 910 4211 est,
930 4163 945 4198 o
964 4142 1014 4210 fili,
1032 4144 1103 4208 cirea
1122 4151 1234 4218 utruque
1252 4146 1361 4210 versari,

308 4231 428 4287 mortalia
445 4232 571 4288 nimirum
589 4241 617 4288 et
634 4230 733 4288 divino.
759 4250 819 4286 num
838 4220 898 4286 cum
917 4228 970 4286 duo
989 4230 1045 4286 sint
1063 4230 1143 4295 ontio,
1162 4250 1260 4306 corpus
1280 4240 1306 4284 et
1323 4232 1360 4284 in·
1407 4259 1411 4262 ¹·

309 4334 481 4390 corporeum,
503 4319 532 4372 iu
550 4317 646 4391 quibus
664 4316 778 4374 mortulo
796 4319 967 4393 cognoscitur
985 4325 1012 4370 et
1030 4314 1162 4384 divinum,
1182 4317 1278 4371 electio
1297 4315 1360 4370 olte-

308 4401 364 4456 rius
382 4403 546 4477 permittitur
564 4405 603 4472 ei,
626 4406 673 4478 qui
691 4403 789 4479 eligere
806 4403 872 4460 vult.
906 4423 961 4458 non
985 4404 1055 4458 onim
1074 4401 1152 4456 decet
1169 4411 1282 4474 utroque
1301 4419 1360 4454 con-

309 4488 411 4554 venire,
434 4488 463 4542 in
481 4488 579 4562 quibus
597 4498 684 4546 autem
702 4489 813 4546 alterius
832 4488 928 4544 electio
947 4499 990 4544 cst
1013 4488 1124 4544 aiterum
1142 4487 1305 4542 deminutum
1326 4484 1361 4540 ul-
