3517 5434
860 657 914 718 102

327 815 447 902 φθάσαι
474 818 526 882 καί
551 819 604 902 τὴν
630 821 766 902 γλῶτταν
796 819 927 884 ἐκτεῖναι
954 820 1031 886 κατὰ
1059 823 1114 886 τοῦ
1144 823 1291 906 σωτῆρος.
1339 822 1356 886 ό
1384 820 1441 906 γὰρ

327 917 463 999 μελετῶν
483 914 561 980 κατὰ
579 919 640 978 τῶν
661 915 769 1003 ἐκείνιρ
790 915 1000 1004 διαφερόντων
1024 916 1239 1001 διαλέγεσθαι,
1262 899 1352 994 οέτρί
1370 913 1441 982 ἀκο-

326 1013 422 1095 νὴσας
439 1012 492 1095 τὴν
513 1014 649 1096 γλῶτταν
672 1015 741 1078 κατ’
766 1013 861 1080 αὐτοῦ
884 1013 1140 1100 διαλεχθήσεται,
1174 1016 1190 1080 ό
1213 1015 1248 1078 δέ
1268 1015 1369 1098 σωτὴρ
1392 1015 1443 1080 καί

327 1109 509 1194 βαπτίσματι
530 1109 688 1176 διελοόετο
713 1111 745 1175 ἐν
766 1117 811 1197 τῷ
831 1109 988 1196 Ἰορδάνη,
1018 1111 1107 1176 όδασι
1130 1112 1377 1196 περιερραίνετο,
1399 1113 1443 1181 τίς

292 1209 371 1278 σῶν
391 1210 442 1271 καλ
461 1209 619 1294 τυγχάνων
626 1232 636 1285 3
659 1210 686 1273 εἰ
706 1210 760 1294 μὲν
781 1208 839 1293 γὰρ
862 1207 898 1278 οδ
920 1213 1012 1292 σῶμα
1032 1209 1135 1294 φέρων
1153 1207 1224 1272 οὔτε
1241 1213 1331 1292 σῶμα
1348 1206 1441 1294 ἔχων,

326 1303 356 1368 τί
381 1307 482 1368 κοινδν
507 1306 659 1389 πνεύμασι
689 1309 740 1372 καλ
761 1309 930 1388 ποταμοῖς;
963 1305 1005 1374 τίς
1026 1304 1183 1390 ἀγγέλων,
1211 1307 1286 1370 ποία
1306 1305 1442 1390 δύναμις,

198 1425 202 1430 ⁴
325 1401 400 1464 ποία
420 1400 573 1485 κυριότης,
589 1403 665 1467 ποία
686 1406 779 1490 ἀρχὴ,
798 1403 873 1466 ποία
892 1401 1017 1472 ἐξουσία
1032 1403 1240 1490 καταβέβηκεν
1257 1404 1300 1472 εἰς
1314 1405 1441 1487 λουτρὸν

326 1500 379 1562 καὶ
405 1504 513 1582 πεῖραν
536 1501 655 1564 ὑδάτων
677 1500 784 1586 έσχεν;
814 1501 843 1564 εἰ
864 1500 899 1564 δὲ
921 1498 1023 1580 [οὐδὲ]
1045 1500 1171 1585 δύναμις
1190 1501 1243 1586 μὲν
1265 1501 1340 1566 οέδέ
1360 1501 1442 1572 ἐξου·

328 1595 378 1658 σία
408 1595 479 1658 οὔτε
510 1596 621 1683 θρόνος
652 1598 755 1666 οὐδεὶς
782 1600 826 1668 εἰς
847 1598 944 1662 ὕδατα
966 1596 1136 1680 κατῆλθεν,
1167 1599 1315 1684 ἀζήτητον
1335 1598 1442 1682 γέγονε

277 1712 310 1766 w
328 1693 361 1756 τδ
383 1696 508 1777 πρᾶγμα
533 1696 584 1759 καλ
604 1694 718 1781 σαφές,
745 1696 796 1760 καὶ
820 1692 1044 1778 δὴλονγέγονε
1065 1695 1099 1758 τδ
1122 1696 1319 1780 ζητούμενον.
1363 1696 1442 1760 ἀλλά

326 1790 416 1873 ἀνὴει
439 1791 499 1856 ἀπὸ
523 1796 584 1856 τῶν
605 1793 744 1870 ὑδάτων,
776 1791 954 1876 ἐπειράζετο
979 1791 1036 1854 ότδ
1058 1796 1112 1854 τοῦ
1138 1793 1303 1880 διαβόλου,
1326 1793 1442 1870 ἐπείνα,

328 1885 439 1972 ἐδίψα,
466 1886 572 1965 ἔπλει,
601 1889 764 1974 ἐκοιμᾶτο,
785 1890 918 1964 ὥδευεν,
943 1887 1071 1964 ἐκοπία,
1096 1887 1236 1976 ἐβάδιξε,
1259 1895 1370 1954 πεινῶν
1394 1889 1443 1954 ἐπὶ

325 1984 379 2068 τὴν
402 1989 495 2068 συκῆν
517 1985 609 2070 ἦλθε,
631 1990 666 2052 τδ
687 1991 864 2050 τελευταῖον
885 1986 1029 2070 ἐκρίνετο,
1051 1987 1248 2073 ἐσταυροδτο.
1288 1989 1331 2058 τίς
1348 1993 1443 2052 ταῦτα

328 2081 421 2168 ἐβόας
450 2083 494 2152 τίς
515 2088 611 2149 ταῦτα
636 2084 815 2170 ἐμαρτόρει;
846 2085 1050 2148 σιωπάτωσαν
1075 2087 1106 2148 αἰ
1127 2087 1276 2168 γλῶσσαι,
1298 2087 1442 2150 λαλείτω-

279 2193 310 2248 15
329 2201 384 2244 σαν
409 2181 442 2243 αἰ
461 2181 593 2264 πράξεις.
641 2181 740 2265 στόμα
761 2180 869 2267 έχουσι
890 2181 927 2244 τό
947 2184 1126 2268 πράγματα·
1155 2181 1262 2266 μηκέτι
1287 2186 1338 2248 τὸν
1364 2183 1443 2268 ἀέρα

325 2277 487 2361 κροόοντες
512 2279 564 2342 τδν
590 2280 669 2365 ἦχον
698 2278 946 2365 ἀποπέμψωμεν.
990 2279 1088 2363 στόμα
1118 2279 1227 2363 ἔχουσι
1253 2279 1290 2344 τὰ
1314 2303 1443 2365 γεγραμ-

327 2372 418 2457 μένα,
455 2371 510 2458 κᾷν
538 2377 629 2458 ἡμεῖς
658 2378 881 2461 σιωπὴσωμεν,
915 2375 951 2439 οὐ
980 2383 1083 2460 σιωπᾷ
1110 2375 1148 2437 τὰ
1175 2377 1356 2465 πράγματρι,
1387 2376 1441 2462 κᾷν

325 2471 414 2555 ἡμεῖς
437 2472 479 2555 μὴ
504 2473 707 2557 λαλήσωμεν,
737 2473 794 2538 οόκ
815 2474 959 2559 ἀνέχεται
982 2474 1023 2557 μὴ
1048 2475 1154 2536 λαλεῖν
1178 2472 1215 2536 τὰ
1235 2473 1442 2558 γεγραμμένα.

326 2567 433 2650 ἐπειδὴ
465 2564 519 2630 οὖν
545 2574 642 2634 ταῦτα
672 2571 771 2640 οότως
801 2568 867 2656 ἔχει
896 2571 948 2633 καὶ
973 2570 1078 2632 πισταί
1098 2569 1171 2633 εἰσιν
1195 2571 1227 2633 αἱ
1248 2569 1371 2654 πράξεις
1392 2570 1443 2632 καί

274 2675 310 2730 w
326 2670 385 2728 τῶν
407 2666 548 2749 πράξεων
577 2668 706 2753 ἀληθεῖς
726 2669 757 2732 οί
778 2667 865 2750 λόγοι
888 2668 939 2730 καί
961 2668 1074 2753 βοῶσιν
1099 2667 1209 2730 αἰτῶν
1229 2666 1368 2751 πράξεων
1393 2668 1440 2730 δυ·

325 2763 431 2846 νάμεις
456 2762 503 2826 ότι
531 2769 622 2849 σῶμα
650 2765 733 2851 εἶχεν
765 2766 781 2829 ό
812 2764 915 2848 σωτὴρ
948 2765 1000 2828 καλ
1030 2769 1121 2849 σῶμα
1143 2765 1252 2848 θνητδν
1278 2765 1442 2848 καὶσῶμα

326 2858 459 2945 ἐφόρεσε
482 2861 535 2926 διδ
554 2863 593 2926 τό
611 2863 759 2948 ἡμέτερα,
781 2865 816 2927 τδ
838 2863 946 2946 όμοιον
966 2863 1072 2926 λοιπὸν
1093 2866 1187 2946 ζητεῖ,
1210 2862 1278 2945 ἡκει
1298 2861 1336 2924 δι’
1360 2863 1442 2944 ἡμᾶς

326 2956 342 3020 δ
372 2957 489 3024 ἐκείνου
518 2962 648 3045 ποιητὴς
674 2962 726 3024 καλ
753 2964 813 3024 τῶν
842 2957 1002 3044 ἡμετέρων
1028 2961 1165 3043 ποιητής.
1207 2959 1235 3022 εἰ
1255 2959 1312 3043 γὰρ
1338 2959 1441 3042 ἕτερον

324 3052 373 3139 ἡν,
394 3055 452 3120 οὐκ
469 3057 506 3120 ἀν
526 3059 596 3141 περὶ
615 3056 728 3140 ἐτέρων
749 3056 869 3121 ἐκείνου
888 3055 1035 3142 πρόνοιαν
1053 3057 1200 3133 ἐποιεῖτο,
1221 3057 1248 3120 εἰ
1266 3056 1300 3119 δὲ
1316 3055 1440 3138 πεποίη-

273 3162 309 3218 w
326 3173 377 3216 ται
397 3152 455 3216 όπδ
476 3154 570 3230 θεοῦ,
595 3155 759 3237 πεποίηται
781 3155 817 3218 δέ
841 3155 917 3240 ὑπὲρ
939 3157 1046 3240 ἡμῶν,
1070 3155 1146 3240 ὑπὲρ
1168 3161 1227 3218 τῶν
1251 3154 1335 3218 ἰδίων
1360 3153 1440 3216 ἐποι-
1466 3195 1469 3200 -

326 3252 401 3314 εἶτο.
434 3250 484 3314 ἵνα
504 3251 561 3336 γάρ
582 3250 621 3314 τὰ
640 3249 703 3314 ίδια
725 3252 839 3316 ἑαυτοῦ
863 3254 962 3337 σῶση,
985 3252 1083 3316 ἐκεῖνο
1106 3252 1244 3337 ἐποίησε,
1265 3256 1304 3335 τῇ
1323 3250 1441 3314 ἐκείνου

324 3348 448 3430 ποιήσει
469 3349 591 3413 πάντων
614 3353 674 3412 τῶν
700 3348 784 3412 ἰδίων
808 3348 861 3431 τὴν
890 3348 1069 3435 ἐλευθερίαν
1092 3350 1310 3434 ἐργασάμενος.
1353 3349 1442 3432 χάρις

269 3491 278 3508 .
326 3442 380 3508 οόν
404 3449 450 3530 τιγῖ
470 3445 653 3530 πεποιηκότι
671 3445 710 3508 τὰ
729 3443 867 3530 ἡμέτερα
888 3449 1035 3532 σώματα,
1061 3452 1106 3534 τῷ
1125 3444 1370 3531 προνοησαμένιρ
1391 3446 1442 3522 καλ

326 3540 585 3627 ἐρραθυμηκότων
609 3543 709 3606 αδτῶν
733 3543 786 3607 καί
807 3544 1020 3611 ἀποστείλαντι
1045 3549 1095 3612 τδν
1125 3542 1201 3608 ἴδιον
1229 3543 1293 3607 υῑδν
1325 3541 1356 3604 ἐν
1382 3543 1440 3606 σώ-

273 3647 310 3704 ³⁰
327 3659 398 3722 ματι
417 3639 468 3702 καί
488 3638 637 3704 δεδωκότι
656 3638 812 3726 ἐνέχειρον
832 3649 896 3712 τοῖς
913 3641 1074 3728 ἡμετέροις
1094 3645 1243 3726 στόμασιν,
1265 3639 1315 3706 ίνα
1335 3639 1442 3726 μηκέτι

324 3735 509 3820 κάμπτωμεν
533 3737 583 3799 καλ
603 3738 703 3821 χαμαί
724 3739 857 3823 δρῶμεν,
879 3741 961 3806 ἀλλὰ
981 3741 1065 3824 ὦμεν
1088 3737 1257 3825 ἐπηρμένοι
1275 3744 1315 3823 τῇ
1335 3761 1440 3802 κοινω·

324 3832 374 3916 νία
402 3836 463 3896 τῶν
495 3834 657 3916 σωμάτων.
698 3835 904 3922 εότελίσωμεν
937 3834 991 3902 οόν
1021 3837 1126 3902 καὶέν
1151 3836 1251 3923 τοότιρ
1272 3836 1344 3906 τοὺς
1365 3837 1440 3898 ἀπα-

324 3933 441 3998 τεῶνας
469 3929 620 4011 ἐκείνους,
655 3932 701 3996 ότι
728 3935 780 3998 καί
805 3935 884 4000 κατὰ
912 3939 972 3998 τῶν
1001 3934 1153 4018 σωμάτων
1183 3933 1364 4019 βεβαδίκασι
1391 3934 1442 3996 καὶ

323 4025 402 4092 κατὰ
430 4033 484 4092 τοδ
514 4029 651 4094 πλάστου
681 4033 881 4118 κεχωρήκασι
910 4033 961 4096 καί
991 4030 1069 4096 κατὰ
1100 4035 1153 4113 τῆς
1182 4032 1358 4115 οἰκονομίας
1386 4037 1440 4096 τοῦ

272 4131 308 4192 ab
324 4123 401 4188 θεοῦ
433 4125 487 4210 τὴν
519 4128 656 4210 γλῶτταν
688 4127 836 4200 ἐξέτειναν
860 4131 920 4194 -καί
951 4129 1029 4194 κατὰ
1059 4134 1111 4213 τὴς
1145 4129 1324 4213 ἐλευθερίας
1352 4129 1440 4212 ἡμῶν

324 4225 429 4288 λαλεῖν
449 4223 487 4299 οδ,
507 4227 737 4311 παρητὴσαντο,
758 4226 887 4311 άγόρται
903 4228 982 4297 τινές
997 4227 1081 4297 όντις
1097 4227 1148 4291 καί
1165 4227 1318 4312 ἀγοραῖοι,
1338 4224 1440 4309 ἀθροι-

325 4344 388 4405 σμα
404 4322 516 4406 ,λόγων
544 4324 693 4408 πονηρίας
720 4323 957 4410 σοναγηοχότες.
1007 4322 1150 4409 ἔστιγὰρ
1176 4326 1210 4390 τδ
1227 4324 1266 4410 Ιἐν
1290 4321 1440 4409 ἐχόμενον

323 4419 359 4484 τδ
381 4418 486 4504 ἕτερον
510 4421 681 4497 αἰτιᾶσθαι,
710 4420 792 4484 ἀλλά
821 4421 862 4506 μὴ
890 4425 989 4488 πάντα
1015 4421 1126 4508 ἐφεξῆς
1149 4419 1322 4496 ἐπεξιόντας
1343 4421 1441 4483 πάντα

326 4517 438 4601 ἀχρεῖα
464 4518 516 4582 καί
543 4516 664 4604 ἔκφυλα
688 4518 843 4602 ἡγεῖσθαι.
886 4520 937 4585 διὰ
959 4526 1049 4586 τοῦτο
1071 4523 1124 4586 καὶ
1145 4523 1236 4606 ἡμεῖς
1257 4520 1301 4588 εἰς
1322 4518 1441 4582 ἅπαντα
