3517 5434
383 732 417 784 44
737 729 797 782 Ὅτι
813 726 918 801 ἀφανὴς
937 729 951 784 6
971 730 1035 789 θεὸς
1341 751 1393 801 unp.
1414 731 1438 784 5,

381 889 545 969 γενομένῳ
575 884 764 965 ἀναπτῆναι
792 892 836 962 εἰς
865 881 924 952 τόν
954 883 1036 971 ἀέρα
1072 887 1127 950 καὶ
1154 888 1257 968 μέσον
1286 883 1438 971 ἀρθέντα

383 998 442 1075 τῆς
462 999 524 1080 γῆς
545 998 601 1060 καὶ
624 996 767 1080 ούρανοῦ
796 998 877 1060 ὶδεῖν
904 999 964 1079 γῆς
990 998 1049 1078 μὲν
1072 989 1111 1058 τὸ
1134 992 1280 1082 στερεόν,
1303 995 1437 1063 θαλόσῑ

348 1190 353 1199 ¹
382 1129 443 1186 σης
467 1103 563 1171 δὲτὸ
586 1111 768 1192 κεχυμένον,
790 1109 949 1190 ποταμῶν
972 1108 1006 1172 δὲ
1029 1100 1070 1170 roi
1093 1101 1255 1189 ῥεύματα,
1278 1105 1375 1194 ἀέρος
1399 1105 1470 1174 τό3

383 1216 562 1302 ἀνειμένον,
583 1216 685 1304 πυρὸς
707 1214 768 1298 την
790 1215 948 1298 ὀξύτητα,
970 1211 1101 1301 ἀστρων
1124 1212 1182 1282 τόν
1211 1213 1350 1302 δρόμον,
1381 1219 1435 1286 oc’·

307 1400 313 1412 ,
382 1332 487 1413 ρανοῦ
507 1327 569 1408 τὴν
583 1326 769 1416 ταχυτάτην
782 1332 857 1414 περὶ
873 1330 978 1394 ταῦτα
994 1329 1177 1414 ττερίβασιν.
1217 1325 1435 1405 ἀθέαςὲκεί-

381 1463 448 1518 νης,
472 1444 593 1520 τέκνον,
616 1437 855 1525 εύτυχεστάτης,
877 1435 942 1505 ὑπὸ
964 1441 1046 1523 μίαν
1068 1435 1176 1524 ῥοπὴν
1198 1436 1307 1504 πάντα
1330 1445 1434 1506 ταῦτα
1454 1455 1469 1504 6

380 1547 599 1630 θεάσασθαι,
626 1547 689 1617 τάν
710 1550 866 1631 ἀκίνητον
890 1546 1138 1633 διακινούμενον
1158 1553 1215 1616 καὶ
1237 1549 1295 1618 τόν
1318 1552 1435 1642 ἀφανῆ
1456 1589 1461 1598 1

382 1659 605 1752 φαινόμενον,
631 1662 675 1727 δι’
700 1656 747 1727 ὧν
774 1671 917 1726 ποιεῖται
945 1657 1028 1739 αὕτη
1056 1657 1191 1741 ητάξις
1219 1666 1280 1728 τοῦ
1301 1661 1434 1748 κόσμου,

380 1777 439 1840 καὶ
460 1765 556 1851 οὗτος
578 1772 596 1839 6
619 1766 744 1857 κόσμος
765 1776 825 1852 τῆς
845 1769 975 1852 τάξεως.
1452 1787 1467 1835 9

265 1873 270 1882 ’
340 1887 360 1951 6
448 1889 493 1950 Εἰ
516 1888 627 1962 θέλεις
649 1881 708 1952 τόν
730 1876 932 1970 δημιουργόν
952 1884 1009 1948 καὶ
1031 1877 1086 1948 διά
1108 1887 1173 1949 τῶν
1195 1887 1330 1965 θνητῶν
1353 1882 1434 1950 θεό-

330 2050 361 2096 f
382 2000 515 2063 σασθατ
543 2001 609 2063 τῶν
638 2000 691 2063 ἐντὶ
719 2001 778 2076 τῆς
799 1999 860 2080 γῆς
883 1997 938 2060 καὶ
961 1996 1026 2060 τῶν
1049 2000 1083 2058 ὲν
1105 1995 1218 2079 βυθῷ,
1248 1993 1385 2076 νόησον,
1408 1988 1434 2060 ὦ

379 2112 508 2186 τέκνον,
546 2104 848 2193 δημιουργούμενον
877 2112 913 2171 ὲν
941 2109 980 2197 τῇ
1007 2099 1213 2192 γαστρῖτὸν
1241 2103 1432 2196 ἄνθρωπον,
1451 2121 1484 2170 12

380 2220 435 2313 καὶ
457 2221 518 2286 τοῦ
540 2215 844 2302 δημιουργήσαντος
873 2216 1017 2303 ἀκριβῶς
1044 2211 1106 2296 τὴν
1133 2214 1248 2304 τέχνην
1271 2219 1431 2299 ἐξέτασον,

379 2331 436 2392 καὶ
458 2323 553 2411 μάθε
575 2331 625 2404 τίς
641 2326 665 2392 “ὁ
689 2330 896 2423 δτριιουργῶυ
918 2325 979 2408 τὴν
997 2322 1101 2408 καλὴν
1124 2327 1246 2410 ταύτην
1261 2335 1316 2398 καὶ
1331 2334 1432 2398 θείειν

380 2441 439 2506 τοῦ
461 2435 646 2524 ἀνθρώπου
668 2432 787 2505 εἰκόνα.
831 2443 881 2516 τίς
904 2435 921 2504 6
943 2436 1018 2516 τοὺς
1047 2437 1251 2532 ὀφθαλμούς
1277 2440 1432 2533 περιγρά-
1451 2455 1482 2506 15

379 2566 465 2639 apoc,
492 2554 542 2627 τίς
565 2549 583 2614 6
605 2544 667 2627 τάς
694 2552 789 2636 ῥῖνας
816 2554 872 2616 καὶ
902 2547 942 2616 τά
971 2543 1040 2618 ῶτα
1068 2551 1251 2638 τρυπήσας,
1280 2558 1328 2630 τίς
1352 2553 1369 2619 6
1392 2552 1432 2620 τό

381 2658 488 2745 στόμα
506 2661 687 2741 διονοίξας,
710 2666 759 2739 τίς
782 2661 800 2728 6
823 2657 866 2726 τά
888 2665 987 2750 νεῦρα
1010 2669 1153 2742 ἐκτείνας
1174 2668 1230 2731 καὶ
1245 2664 1432 2753 δεσμεόσας,

380 2773 429 2846 τίς
452 2771 470 2836 6
494 2768 553 2850 τάς
575 2776 703 2865 φλέβας
725 2771 906 2860 ὀγετεύσας,
929 2779 978 2874 τίς
999 2771 1073 2842 ὁτά
1098 2775 1197 2842 ὀστέα
1221 2774 1430 2866 στερροντοιή-
1451 2791 1482 2841 18

449 2977 475 3026 5.
493 2975 658 3046 ταχυτάτην]
680 2977 715 3029 sic
732 2977 873 3041 Valsenius,
895 2979 1033 3047 ταχύτητα
1055 2980 1103 3047 τὴν
1127 2980 1193 3032 libri.
1280 2979 1375 3032 8-9.
1394 2976 1428 3033 δι’

449 3053 482 3114 ῶν
494 3094 524 3102 -
534 3061 631 3124 ’τάξεως
649 3086 699 3116 om.
719 3065 784 3116 Patr.
882 3065 907 3118 8.
926 3065 1053 3130 ποιεῖται]
1074 3074 1142 3118 ποιεῖ
1160 3065 1225 3118 libri.
1326 3067 1365 3118 lo.
1385 3068 1431 3119 τόν

450 3149 619 3221 δημιουργόν]
637 3151 672 3202 sic
690 3152 765 3214 Patr,
784 3172 833 3204 om.
852 3151 934 3203 ceteri.
1015 3150 1058 3200 tl.
1078 3153 1124 3216 τῆς
1142 3171 1191 3202 om.
1211 3154 1243 3202 A.
1326 3151 1365 3203 13,
1385 3155 1426 3217 δη-

448 3236 644 3307 μιουργήματος
664 3238 709 3288 ΑΒ
729 3239 752 3288 T
753 3259 808 3290 uru.
826 3238 907 3288 Fluss.

378 3429 493 3502 sumptis
505 3429 598 3484 volare
616 3433 644 3486 in
662 3436 759 3494 atram,
778 3438 883 3482 etcum
901 3423 1005 3480 medius
1024 3443 1098 3480 esses
1117 3425 1239 3482 sublatus
1252 3428 1322 3482 inter
1333 3435 1429 3482 terram

378 3523 405 3568 et
417 3512 519 3570 carlum
531 3515 622 3572 videro
634 3527 722 3571 terrae
733 3512 905 3577 soliditatem,
923 3511 1004 3564 maria
1015 3509 1157 3578 fusionem,
1176 3511 1319 3568 fluviorum
1331 3513 1428 3580 fluxus,

377 3603 448 3656 atris
466 3601 610 3670 laxitatem,
629 3604 697 3677 ignis
716 3599 899 3665 vatociratcm,
918 3607 1051 3653 astrorum
1070 3617 1186 3666 cursum,
1206 3600 1272 3656 caeli
1289 3599 1429 3656 velocissi-

377 3709 448 3744 mum
466 3692 536 3745 circa
554 3691 619 3743 haec
637 3686 772 3742 ambitum.
803 3703 820 3738 o
832 3683 1023 3760 spectaculum,
1041 3683 1091 3754 fili,
1108 3685 1356 3753 fortunatissimum,
1375 3705 1428 3742 uno

377 3776 476 3828 intuitu
493 3774 559 3828 haec
577 3773 664 3827 omnia
681 3770 789 3835 intueri,
806 3770 970 3828 immobilem
987 3774 1100 3842 moveri,
1115 3793 1169 3830 non
1187 3774 1322 3830 visibilem
1335 3771 1429 3838 videri,

377 3878 426 3934 per
444 3877 474 3912 ea
492 3877 562 3930 quac
578 3855 670 3909 mundi
689 3854 809 3912 ordinem
827 3867 855 3913 et
872 3858 975 3914 ordinis
993 3858 1120 3916 mnndum
1138 3860 1265 3917 efficiunt.

429 3942 461 3997 si
478 3945 521 3998 vis
540 3941 664 4018 opificem
682 3943 760 3998 etiam
777 3964 827 4021 per
843 3945 965 4002 mortalia
984 3967 1051 4022 quac
1069 3949 1184 4004 interra
1204 3950 1276 4003 etin
1294 3942 1428 4022 profundo

304 4077 306 4084 .
377 4038 441 4087 sunt
458 4029 569 4095 intueri,
592 4031 691 4105 cogita,
715 4029 804 4100 ofili,
826 4031 942 4088 hominis
961 4034 989 4087 in
1007 4042 1084 4088 utero
1109 4033 1248 4097 fabricam,
1273 4041 1300 4085 ct
1322 4029 1429 4108 opificis

378 4123 470 4170 exacte
488 4114 629 4172 artificium
647 4116 780 4194 expcnde,
804 4128 832 4173 et
849 4117 1068 4194 diaeewquisnam
1091 4118 1188 4174 artifex
1205 4115 1428 4194 pulchramlhanc

377 4210 405 4256 et
423 4199 540 4256 divinam
557 4200 672 4257 hominis
696 4205 835 4277 imaginem
859 4203 1019 4260 condiderit.
1055 4207 1176 4280 quisnam
1199 4213 1241 4257 eet
1265 4205 1311 4276 qui
1334 4201 1427 4263 oculos

376 4288 597 4364 circumscripsit,
613 4289 677 4364 qnia
695 4307 773 4344 nares
792 4298 819 4344 et
837 4309 915 4345 aurcs
933 4289 1088 4366 perforavit,
1107 4291 1168 4365 quis
1187 4308 1218 4344 os
1236 4290 1349 4365 aperuit,
1368 4290 1428 4364 quis

376 4393 473 4431 nervos
492 4373 612 4431 extendit
629 4385 657 4431 et
681 4374 827 4450 colligavit,
851 4377 974 4452 quisnam
996 4395 1078 4431 venas
1097 4378 1124 4431 in
1144 4375 1249 4432 canales
1271 4375 1428 4441 efformavit,

376 4462 436 4535 quia
455 4481 517 4518 oasa
535 4461 682 4530 induravit,
706 4463 767 4538 quia
791 4463 864 4518 carni
883 4472 969 4519 cntcm
993 4461 1180 4530 circumdedit,
1205 4465 1265 4539 quis
1284 4461 1383 4536 digitos
1403 4471 1429 4515 et
