3517 5434
310 739 364 789 cap.
384 717 426 770 ll.
515 720 519 725 ’
689 686 767 781 Νοῦς
783 710 851 781 πρὸς
863 707 967 780 Ἑρμήν.
1327 705 1364 760 89

312 869 352 938 τό
373 895 407 937 τε
428 866 549 946 κάλλος
571 865 674 932 αὐτοῦ
688 863 831 954 ἀκριβῶς
844 858 1063 942 κατανόησον,
1086 860 1182 944 σῶμα
1203 861 1263 944 μὲν
1285 857 1364 944 ἀκήῇ

312 1004 424 1069 ρατου,
445 982 502 1046 καὶ
524 969 565 1046 οῦ
583 975 805 1062 παλαιότερον
827 971 931 1052 οὐδέν,
953 968 1008 1038 διά
1029 968 1154 1048 παντὸς
1169 967 1363 1070 δεάκμαῖον

279 1106 294 1156 3
313 1095 369 1158 καὶ
390 1094 467 1158 νέον
489 1091 546 1155 καὶ
566 1090 696 1174 μᾶλλον
718 1081 947 1171 ἀκμαιότερον.
993 1084 1039 1148 tet
1062 1085 1118 1148 καὶ
1139 1076 1215 1158 τοῦς
1235 1078 1364 1149 ῦποκει-
1387 1077 1407 1142 7

312 1206 429 1285 μένους
461 1195 545 1266 ἐπτά
571 1196 716 1284 κόσμους
749 1198 1009 1279 κεκοσμημένους
1042 1189 1133 1271 τάξει
1160 1194 1280 1274 αλωνέῳ
1308 1192 1365 1256 καὶ

312 1308 424 1402 δρόμῳ
453 1307 606 1401 διαφόρῳ
632 1306 693 1377 τὸν
727 1309 833 1374 αἰῶνα
868 1303 1156 1390 ἀναπληροῦντας,
1191 1295 1301 1392 φωτός
1329 1302 1365 1366 δὲ

277 1421 423 1490 tuciora
443 1419 654 1518 uiripmkmip
677 1422 712 1487 δὲ
734 1416 893 1501 οὐδαμοῦ,
915 1414 936 1496 ή
959 1409 1023 1502 yolo
1047 1417 1142 1502 φελέα
1165 1417 1220 1480 καὶ
1241 1412 1263 1494 ή
1286 1409 1365 1496 ody-

313 1555 427 1619 κρασις
449 1535 515 1600 τῶν
542 1535 700 1600 ἐναντίων
721 1531 778 1594 καὶ
800 1529 864 1594 τῶν
887 1524 1054 1612 ἀνομοίων
1077 1529 1148 1616 ῳῶς
1169 1529 1282 1608 γέγονε
1304 1548 1365 1588 κα-

312 1640 568 1728 ταλαμπόμενον
589 1635 654 1708 tut
672 1641 735 1719 4τῆς
757 1640 816 1704 τοῦ
838 1639 926 1702 θεοῦ
946 1639 1117 1722 ἐνεργείας,
1138 1631 1262 1712 παντὸς
1286 1632 1365 1718 ἀγα-

279 1756 385 1820 εθοῦ
404 1749 601 1839 γεννήτορος
622 1753 680 1816 καὶ
700 1745 811 1829 πάσης
837 1744 959 1826 τάξεως
986 1743 1146 1833 ἀρχοντος
1167 1749 1224 1812 καὶ
1244 1741 1366 1830 ἡγεμό-

314 1885 371 1939 νος
398 1865 463 1928 τῶν
492 1857 575 1928 λπτά
602 1858 750 1944 κόσμων·
786 1853 926 1936 σελήνην
956 1859 990 1924 δὲ
1018 1860 1147 1924 ἐκείνων
1174 1852 1366 1945 πρόδρομον

314 1969 461 2050 πόντων,
485 1967 630 2059 ὄργανον
651 1975 711 2050 τῆς
733 1965 870 2058 ῳόσεως,
898 1963 959 2048 τήν
980 1964 1067 2034 κάτω
1090 1964 1171 2048 ὕλην
1198 1963 1366 2052 μεταβόλ-

263 2099 297 2150 12
315 2085 455 2150 λουσαν·
483 2081 544 2164 τήν
566 2107 601 2148 τε
623 2085 686 2167 γῆν
707 2085 812 2165 μέσην
834 2081 894 2146 τοῦ
914 2073 1039 2156 παντός
1059 2074 1284 2164 ὑποστάθμην
1306 2076 1366 2142 τοῦ

314 2196 419 2279 καλοῦ
445 2191 784 2280 κόσμου’ἱδρυμένην,
812 2185 946 2278 τροφὸν,
967 2193 1023 2256 καὶ
1046 2186 1190 2271 τιθηνήν
1211 2191 1277 2254 τῶν
1297 2193 1366 2252 επι-

313 2307 418 2387 yetus.
464 2309 591 2372 θέασαι
620 2305 731 2370 δὲκαὶ
753 2298 951 2382 τδψπλῆθος
976 2304 1041 2368 τῶν
1069 2297 1256 2368 ἀθανάτων
1277 2295 1367 2379 ζῶον

264 2431 297 2484 15
315 2411 396 2482 ὅσον
424 2419 509 2493 lori,
537 2417 594 2481 καὶ
621 2410 660 2489 τό
688 2416 755 2480 τῶν
781 2413 933 2493 θνητῶν·
966 2417 1070 2497 μέσην
1098 2415 1133 2478 δὲ
1160 2411 1367 2499 ἀμφοτέρων,

313 2529 379 2590 τῶν
400 2550 435 2592 τε
457 2522 643 2592 ἀθανάταν
669 2528 725 2590 καὶ
752 2526 818 2589 τῶν
840 2525 992 2602 θνητῶν,
1020 2519 1081 2603 τήν
1110 2518 1251 2602 σελήνην
1277 2545 1367 2606 περι-

311 2641 559 2725 πορευομένην.-
595 2634 706 2702 πάντα
734 2635 769 2700 δὲ
797 2631 906 2719 πλήρη
940 2635 1049 2722 coeio
1083 2636 1140 2698 καὶ
1174 2627 1285 2697 πάντα
1313 2621 1410 2696 ῦπ’8

265 2764 298 2814 18
316 2744 417 2825 αὐτῆς
439 2748 527 2821 ἰδίως
549 2743 736 2828 κινούμενα,
763 2739 806 2809 τά
826 2747 888 2827 μὲν
909 2746 983 2831 περὶ
1005 2742 1064 2810 τὸν
1087 2739 1245 2832 οὐρανόν,
1267 2736 1309 2807 τά
1333 2743 1366 2807 δὲ

385 2955 411 3007 2.
429 2969 486 3025 post
503 2949 577 3006 οῦδέν
590 2954 636 3004 ΑΒ
649 2953 729 3005 Turn.
741 2953 823 3004 Fluss.
842 2953 898 3004 add.
917 2956 1000 3006 lotas.
1035 2953 1061 3004 3.
1080 2955 1126 3006 καὶ
1142 2955 1240 3022 μᾶλλον
1253 2949 1368 3022 ἀκμαιό-

386 3061 464 3112 τερον
481 3060 532 3092 οια.
550 3039 617 3090 Patr.
689 3038 715 3092 9.
735 3037 776 3089 ll).
796 3033 885 3109 ἀρχαν
903 3040 949 3090 καὶ
966 3035 1067 3107 ήγεμῶν
1088 3037 1132 3090 ΑΒ
1152 3037 1248 3104 Vergic.
1327 3038 1366 3090 l'l.

386 3125 427 3178 18.
448 3121 490 3177 ἀπ’
510 3120 593 3192 adripe
611 3123 693 3190 toton}
712 3124 748 3176 sic
764 3124 846 3187 Patr,
859 3143 909 3175 om.
928 3121 1028 3191 reliqui.
1364 3118 1371 3130 Χ

316 3333 385 3388 quae
408 3313 476 3368 facta
498 3322 574 3383 sunt;
595 3312 646 3368 aed
668 3333 698 3369 ea
724 3332 792 3388 qnae
808 3312 883 3368 fiunt
896 3310 955 3390 laub
975 3329 1007 3365 eo
1025 3320 1097 3386 sont.
1132 3313 1236 3366 intuere
1260 3331 1308 3388 per
1325 3331 1370 3367 me

315 3389 443 3464 mundum
459 3397 608 3455 subiectum
631 3407 679 3454 tuo
701 3399 837 3474 aspectui,
859 3407 888 3453 et
905 3395 1131 3474 pulchritudinem
1150 3398 1208 3452 eius
1226 3396 1368 3474 diligenter

315 3484 463 3551 considera,
482 3504 581 3562 corpus
598 3484 708 3561 quidem
724 3483 958 3552 immarcescibile,
977 3503 1030 3558 quo
1047 3485 1182 3559 antiquius
1201 3482 1282 3551 nihil,
1301 3503 1369 3538 sem·

315 3591 365 3646 per
382 3574 535 3644 vigorosum
554 3580 581 3626 et
599 3590 694 3627 recens
712 3573 849 3646 magisque
866 3573 1028 3644 vigorosum.
1064 3571 1169 3647 inspice
1187 3578 1214 3624 et
1231 3569 1368 3626 subiectos

316 3667 419 3732 septem
437 3655 566 3722 mundos,
589 3666 699 3712 ornatos
722 3655 816 3710 ordine
834 3666 943 3712 aeterno
962 3655 996 3712 et'
1007 3677 1087 3712 cursu
1106 3655 1239 3710 differenti
1258 3656 1369 3708 aeterni·

316 3749 399 3796 tatem
416 3740 607 3816 adimplentes,
628 3742 730 3798 lumine
748 3744 835 3797 omnia
853 3741 945 3818 plena,
964 3745 1051 3818 ignem
1069 3752 1156 3798 autem
1169 3741 1283 3806 nullibi,
1307 3741 1369 3796 aroi-

317 3827 380 3882 citia
403 3827 473 3880 enim
492 3836 519 3880 et
537 3829 748 3902 contemperatio
770 3829 965 3882 contrariorum
983 3839 1010 3884 et
1033 3827 1203 3884 dissimilium
1225 3825 1313 3883 lumen
1331 3824 1369 3882 fa·

316 3923 389 3969 ctum
407 3921 458 3980 est,
477 3910 639 3968 illustratum
657 3933 672 3966 a
691 3911 735 3966 dei
753 3921 822 3979 actu,
842 3914 929 3968 omnis
948 3912 1011 3967 boni
1029 3916 1158 3989 genitoris
1177 3925 1204 3970 et
1223 3915 1308 3970 omnis
1327 3933 1368 3968 or·

316 3991 388 4055 dinis
406 3999 548 4076 ‚principis
572 4007 600 4053 et
623 3995 699 4054 ducis
726 4008 830 4076 septem
857 3997 1028 4066 mundorum
1055 3999 1143 4054 lunam
1169 4020 1234 4056 vero
1260 3997 1369 4054 illorum

312 4105 518 4160 praecursorem
537 4086 667 4153 omnium,
691 4103 817 4160 organum
838 4094 962 4151 naturae,
984 4083 1094 4140 inieram
1114 4089 1250 4142 materiam
1267 4095 1368 4142 mutan·

316 4180 382 4239 tem;
399 4181 498 4227 terram
515 4191 581 4228 vero
598 4173 627 4228 in
645 4170 733 4228 medio
751 4172 870 4228 universi
888 4170 1066 4227 sedimentum
1083 4169 1190 4247 pulchri
1207 4171 1298 4230 mundi
1316 4179 1368 4226 ata·

316 4255 427 4323 bilitam,
446 4257 623 4314 educatricem
636 4268 665 4314 et
676 4260 806 4316 nutricem
818 4267 994 4314 terrenorum.
1031 4255 1368 4328 conspicemultitudinem

318 4360 425 4416 quoqne
442 4343 629 4416 immortalium
652 4344 803 4401 animalium
826 4353 924 4419 quanta
946 4345 996 4409 sit,
1021 4352 1048 4398 et
1069 4341 1234 4405 mortalium,
1255 4340 1367 4396 mediam

316 4445 381 4482 vero
405 4435 592 4504 utrorumque,
609 4430 794 4488 immortalium
817 4440 846 4487 et
861 4427 1025 4496 mortalium,
1044 4427 1133 4484 lunem
1153 4425 1366 4482 circumeuntem.
