3517 5434
847 643 908 705 1⁰9
1320 651 1432 728 Γρηγόρ.

319 809 455 896 έχοντα[.
463 815 500 893 .],
513 809 586 874 καθ’
599 810 636 894 ἣν
651 809 722 874 οὔτε
735 808 881 895 θεότητες
893 814 973 896 τρεῖς
985 807 1055 873 οὔτε
1068 807 1242 894 κυριότητες
1254 807 1339 890 [οὔτε
1352 807 1433 890 ἁγιό·

318 913 431 994 πηπες],
455 907 524 973 ἀλλ’
550 908 693 994 ἀληθῶς,
720 913 781 972 τῶν
802 913 893 994 τριῶν
912 909 1089 992 προσώπων
1114 905 1266 992 μενόντων
1289 907 1433 994 βεβαίως,

318 1013 380 1072 τῶν
407 1012 498 1092 τριῶν
524 1006 578 1089 τήν
605 1005 713 1069 ένωσιν
742 1005 962 1091 όμολογητέον.
1010 1004 1092 1068 οῦτω
1119 1003 1176 1089 γάρ
1205 1007 1257 1069 καλ
1284 1007 1317 1069 πδ
1344 1006 1433 1086 [ἀπο

320 1105 447 1169 στέλλον
469 1105 521 1169 καὶ
542 1103 592 1182 τδ]
614 1102 883 1188 άποστελλόμενον
908 1103 1029 1173 οἰκείοις
1052 1100 1088 1167 ἂν
1110 1103 1294 1180 πιστεόοιτο,
1320 1102 1391 1166 καθ’
1417 1103 1434 1166 δ

318 1201 419 1286 πατήρ
444 1201 495 1264 τδν
517 1201 582 1264 υίδν
604 1199 781 1264 ἀπέστειλεν
804 1201 856 1264 καί
881 1203 947 1270 υίδς
967 1203 1000 1265 τδ
1024 1204 1147 1282 πνεῦμα
1170 1199 1367 1264 ἀποστέλλει·
1399 1201 1467 1268 M

320 1299 356 1363 δδ
379 1296 546 1383 πρόσωπον
575 1297 633 1362 οθκ
661 1295 697 1362 δν
729 1297 878 1383 πέμψειεν
912 1297 985 1361 αότδ
1018 1295 1122 1360 ἑαυτό.
1167 1296 1225 1361 οόκ
1249 1296 1285 1361 όν
1309 1297 1366 1380 γάρ
1392 1321 1436 1368 τις

320 1394 402 1458 είποι
429 1394 549 1480 πατέρα
581 1393 791 1480 σαρκωθέντα.
835 1395 874 1460 τὰ
901 1396 959 1480 γὰρ
987 1399 1040 1478 τῆς
1060 1394 1192 1464 πίστεως
1214 1396 1435 1479 ὁμολογήματα

319 1497 386 1564 ταῖς
410 1497 471 1556 τῶν
502 1490 652 1577 αἱρέσεων
680 1490 717 1556 οδ
748 1494 965 1578 συνδραμεῖται
989 1491 1192 1563 κακοδοξίαις.
1236 1493 1285 1556 δεῖ
1311 1493 1345 1556 δὲ
1372 1497 1436 1562 τοῖς

319 1591 416 1659 θείοις
437 1590 488 1653 καί
509 1590 725 1657 άποστολικοίς
747 1589 896 1674 δόγμασιν
918 1588 1048 1654 ἕπεσθαι
1067 1588 1120 1658 τὰς
1136 1588 1289 1674 ἡμετέροις
1307 1589 1435 1668 ἐννοίας,

319 1689 357 1752 οθ
387 1687 441 1756 τὰς
467 1684 620 1771 ήμετέρας
649 1686 819 1755 ἀδυνάτους
842 1687 1012 1772 φαντασίας
1038 1685 1075 1749 τὰ
1106 1690 1160 1769 τής
1188 1686 1275 1755 θείας
1302 1688 1434 1757 πίστεως
1455 1697 1486 1752 10

320 1785 481 1873 βιάζεσθαι
501 1783 650 1867 δόγματα.
690 1783 743 1846 ἐὰν
766 1785 801 1848 δὲ
823 1781 933 1847 είπωσι
952 1782 1025 1855 Πῶς
1040 1783 1108 1868 τρίοι
1128 1781 1281 1868 πρόσωπα
1303 1785 1437 1854 καὶπῶς

321 1884 375 1968 μία
404 1881 532 1966 θεότηςς
564 1882 694 1967 ἐροῦμεν
724 1881 827 1951 αὐτοῖς
856 1881 903 1944 ότι
924 1881 991 1965 τρία
1016 1882 1071 1964 μὲν
1092 1880 1245 1966 πρόσωπα
1267 1881 1336 1968 καθ’
1361 1882 1378 1946 δ
1403 1883 1435 1946 ἓν

321 1981 376 2066 μλν
400 1980 477 2043 θεοῦ
500 1976 625 2061 πατρός,
649 1978 681 2042 ἓν
705 1977 740 2041 δὲ
760 1979 868 2063 κυρίου
892 1979 960 2042 υίοῦ
982 1979 1033 2042 καὶ
1057 1977 1088 2041 ἓν
1112 1982 1166 2041 τοῦ
1193 1979 1280 2062 ἁγίου
1303 1980 1449 2064 πνεῦμα·

319 2101 388 2156 τος,
417 2078 472 2161 μία
497 2076 533 2140 δὲ
560 2075 673 2160 θεότης
697 2075 768 2139 καθ’
792 2076 810 2141 δ
832 2081 888 2140 τοῦ
910 2079 1025 2161 πατρὸς
1049 2076 1117 2145 ἑνδς
1139 2075 1235 2164 ὅντρς,
1263 2077 1339 2140 θεοῦ
1361 2075 1435 2163 [31]

321 2177 411 2240 εἰκών
426 2174 506 2238 ἐστιν
518 2176 536 2238 ό
549 2173 624 2254 υίός,
645 2174 727 2238 τοῦτ’
745 2174 808 2238 ἐστὶ
827 2174 901 2243 θεδς
914 2175 948 2237 ἐκ
963 2173 1050 2250 θεοῦ,
1065 2174 1116 2238 καὶ
1134 2174 1167 2237 τδ
1183 2178 1305 2257 πνεῦμα
1319 2175 1436 2258 όμοίως
1454 2185 1487 2240 1ο

320 2275 460 2338 καλεῖται
487 2276 542 2335 τοῦ
568 2273 656 2349 θεοῦ,
684 2273 735 2336 καλ
761 2277 851 2337 τοῦτο
876 2276 1014 2357 φυσικῶς
1034 2270 1102 2336 κατ’
1127 2269 1220 2355 αὐτὴν
1243 2272 1297 2356 τήν
1318 2271 1436 2352 οίισίοιν,

321 2369 358 2435 οδ
378 2369 457 2434 κατὰ
478 2369 642 2453 μετουσίαν
662 2369 755 2433 θεοῦ·
784 2371 835 2435 καὶ
857 2370 912 2454 μία
934 2373 987 2453 τῆς
1008 2370 1131 2453 τριάδος
1152 2367 1258 2445 οδσία,
1286 2369 1361 2454 όπερ
1386 2370 1436 2435 ἐπὶ
1486 2389 1489 2394 ·

320 2473 380 2532 τῶν
408 2467 590 2552 ποιημάτιον
617 2465 675 2530 οῦκ
701 2464 792 2535 ἔστιν.
838 2467 876 2531 οῦ
905 2466 962 2552 γὰρ
993 2467 1047 2551 μία
1076 2465 1166 2530 οίισία
1194 2465 1270 2531 θεοῦ
1300 2469 1435 2532 καὶτῶν

319 2566 512 2649 ποιημάτων,
533 2562 579 2627 ότι
598 2563 690 2628 οὐδὲν
711 2563 828 2629 τούτων
851 2571 891 2649 τή
914 2564 1004 2648 οδσίογ
1023 2563 1113 2644 θεός,
1144 2564 1214 2628 ἀλλ’
1237 2562 1311 2628 οῦδὲ
1333 2565 1438 2651 κόριος

321 2663 413 2727 οῦδὲν
443 2659 560 2723 τούτων
591 2659 657 2722 κατ’
687 2661 811 2738 οδσίαν,
840 2661 910 2724 ἀλλ’
940 2661 984 2730 είς
1012 2660 1116 2745 κόριος
1145 2662 1160 2724 ό
1187 2662 1252 2730 υἱδς
1272 2664 1324 2725 καὶ
1345 2663 1377 2726 ἓν
1400 2666 1434 2728 τδ
1453 2671 1488 2726 2⁰

320 2764 442 2843 πνεῦμα
461 2758 494 2820 τδ
520 2756 621 2839 άγιον·
646 2755 776 2841 λέγομεν
803 2760 838 2821 δε
859 2759 911 2820 καὶ
931 2758 1001 2841 μίαν
1022 2757 1157 2842 θεότητα
1175 2759 1226 2821 καὶ
1246 2759 1315 2842 μίαν
1337 2761 1436 2844 κυριό-

320 2881 397 2943 τητα
421 2856 472 2919 καὶ
503 2854 573 2938 μίαν
602 2852 749 2937 άγιότητα
774 2855 829 2944 τἠν
853 2857 979 2940 τριάδα·
1013 2855 1059 2919 ότι
1084 2859 1139 2919 τοῦ
1166 2854 1272 2939 κυρίου
1296 2857 1313 2920 ό
1336 2858 1436 2942 πατήρ

321 2955 420 3040 άρχή,
441 2953 548 3021 ἀιδίως
567 2951 659 3016 αδτδν
678 2951 837 3035 γεννήσας,
856 2953 908 3015 καὶ
927 2951 1127 3036 πρωτότυπος
1148 2957 1202 3016 τοῦ
1224 2951 1397 3036 πνεύματος
1419 2957 1436 3020 ό

320 3052 441 3137 κόριος·
465 3050 547 3114 οῦτω
567 3048 625 3133 γὰρ
644 3049 695 3114 καὶ
716 3049 733 3113 ό
756 3051 857 3134 πατὴρ
879 3049 983 3134 κόριος
1005 3051 1056 3114 κοιλ
1079 3050 1095 3114 ό
1116 3051 1181 3119 υίδς
1199 3050 1346 3122 θεδςκαὶ
1367 3054 1437 3138 περὶ

320 3154 375 3213 τοῦ
401 3149 478 3213 θεοῦ
507 3147 627 3232 εἴρηται
651 3145 696 3211 ότι
718 3152 859 3231 ,πνεῦμα
880 3149 898 3212 ὁ
918 3146 1022 3215 θεός“.
1065 3149 1281 3232 ὁμολογοῦμεν
1303 3146 1357 3211 οῦν
1382 3149 1436 3214 ένα
1453 3156 1488 3210 δι’»

321 3247 395 3310 θεὸν
424 3245 589 3331 ἀληθινόν,
621 3245 692 3330 μίαν
721 3245 838 3330 ἀρχήν,
869 3246 921 3310 καὶ
949 3244 1004 3308 ἕνα
1026 3243 1108 3321 υίόν,
1139 3243 1285 3328 άληθινδν
1308 3245 1381 3309 θεδν
1405 3245 1437 3317 ἐξ

321 3344 471 3429 ἀληθινοῦ
485 3344 574 3421 θεοῦ,
593 3346 730 3430 φυσικῶς
742 3344 795 3427 τὴν
808 3345 954 3429 πατρικὴν
968 3340 1102 3427 θεότητα
1116 3340 1238 3428 έχοντα,
1256 3343 1338 3406 τοῦτ’
1358 3344 1437 3408 έστίν
1501 3381 1502 3384 ¹

322 3443 489 3527 όμοοίισιον
512 3447 557 3528 τηῦ
584 3441 691 3526 πατρί,
717 3442 769 3505 καὶ
796 3441 828 3505 ἓν
854 3447 977 3527 πνεῦμα
1006 3439 1091 3524 ἅγιον
1120 3439 1211 3526 φύσει
1231 3440 1283 3504 καί
1304 3439 1437 3526 ἀληθείη

321 3543 382 3602 τιῖιν
407 3539 530 3602 πάντων
556 3537 729 3619 άγιαστικδν
760 3540 811 3602 καὶ
838 3539 986 3604 θεοποιδν
1021 3538 1055 3603 ἐκ
1081 3542 1140 3622 τῆς
1157 3537 1263 3607 οδσίας
1285 3544 1340 3602 τοῦ
1361 3539 1437 3603 θεοῦ
1491 3564 1493 3571 ·

322 3635 472 3719 ὑπάρχον.
512 3633 584 3703 τοῦς
609 3634 644 3697 δὲ
674 3635 694 3718 ἣ
723 3637 773 3699 τδν
803 3637 868 3699 υίδν
897 3637 917 3721 ή
948 3638 982 3700 τὸ
1009 3641 1131 3721 πνεῦμα
1159 3638 1193 3700 τὸ
1218 3635 1302 3718 άγιον
1326 3637 1436 3720 κτίσμα
1454 3647 1488 3702 w

321 3729 467 3815 λέγοντας
486 3731 763 3815 άναθεματίίομεν,
786 3731 823 3796 τὰ
846 3734 881 3796 δὲ
901 3733 982 3798 άλλοι
999 3736 1098 3798 πάντα
1117 3735 1331 3817 ὁμολογοῦμεν
1351 3734 1438 3818 ποιή-

323 3851 405 3914 ματα
427 3829 478 3892 καὶ
500 3829 600 3892 δοῦλα
621 3827 781 3892 κτισθέντα
802 3830 861 3894 όπδ
883 3830 961 3895 θεοῦ
984 3831 1022 3895 δι’
1047 3833 1116 3896 υίοῦ
1138 3832 1215 3914 [καὶ]
1239 3831 1270 3895 ἐν
1291 3831 1439 3916 πνεόματι

322 3927 401 4012 άγίιμ
429 3924 625 4008 άγιασθέντα.
675 3924 720 3990 ἔτι
751 3926 966 4011 ὁμολογοῦμεν
996 3931 1047 3993 τὸν
1080 3930 1145 3994 υίδν
1178 3935 1233 3994 τοῦ
1265 3929 1341 3993 θεοῦ
1373 3929 1438 3992 υἱδν

322 4025 491 4110 ἀνθρώπου
509 4023 703 4107 γεγενῆσθαι,
730 4021 789 4086 οίικ
807 4024 936 4108 ὀνόματι
955 4025 1038 4089 ἀλλὰ
1059 4027 1202 4112 ἀληθείη,
1223 4024 1439 4113 προσλαβόντα

323 4121 423 4205 σάρκα
460 4120 495 4185 έκ
524 4119 646 4205 Μαρίας
679 4119 856 4206 παρθένου,
895 4123 946 4186 καὶ
979 4121 1057 4186 εἶναι
1092 4121 1209 4188 τέλειον
1245 4124 1337 4188 αὐτὸν
1372 4124 1437 4186 υίδν
1454 4136 1489 4192 δῦ

321 4216 399 4282 θεοῦ
425 4220 477 4283 καὶ
505 4216 597 4282 αδτδν
628 4220 693 4284 υίδν
723 4213 909 4303 ἀνθρώπου,
939 4219 971 4282 ἓν
998 4219 1183 4304 πρόσωπον,
1212 4222 1264 4285 καὶ
1290 4221 1360 4305 μίαν
1384 4221 1437 4304 τὴν

321 4314 526 4400 προσκύνησιν
555 4321 610 4380 τοῦ
639 4314 733 4399 λόγου
758 4317 884 4400 καὶτῆς
903 4317 1071 4401 σοιρκδςήν
1095 4318 1255 4404 ἀνέλαβεν.
1294 4319 1347 4382 καὶ
1368 4317 1438 4380 ἀντι·

321 4410 527 4496 θεματίζομεν
542 4413 615 4482 τοθς
629 4412 798 4499 διαφόρους
812 4415 1035 4500 προσκυνήσεις
1048 4419 1222 4491 ποιοῦντας,
1245 4416 1314 4498 μίαν
1332 4415 1438 4497 θεϊκὴν

321 4509 374 4573 καὶ
393 4510 464 4594 μίαν
480 4510 686 4595 ἀνθρωπίνην,
710 4513 761 4575 καὶ
781 4515 1029 4598 προσκυνοῦντας
1052 4513 1103 4578 τδν
1126 4510 1161 4576 ἐκ
1178 4509 1301 4597 Μαρίας
1320 4509 1437 4594 ἄνθρω-
