3517 5434
873 662 897 706 V

328 811 616 897 35,16διαρένει.
656 811 685 873 εἰ
706 813 758 876 καὶ
938 814 1026 890 63,1
1078 813 1198 898 ἄψυχον
1217 812 1256 897 ἦν

328 918 380 990 36,
402 917 443 975 37
466 911 619 978 αὐτοὺςὸ
1018 913 1055 971 17
1077 910 1097 992 ἢ
1121 914 1190 974 add.
1209 915 1246 974 L.
1266 914 1409 977 Holsten.
1484 933 1492 962 ν

327 1015 379 1087 37,
402 1014 442 1073 32
466 1007 630 1092 αἰδέσρασι
937 1011 1032 1084 65,6
1077 1007 1154 1071 εἶναι
1171 1010 1442 1093 ροε1ἀλλήλοις7

402 1112 440 1169 31
467 1108 563 1190 μηδὲν
585 1105 780 1189 καθορῶντες
1018 1110 1053 1168 17
1078 1109 1121 1174 ὡς
1142 1107 1194 1192 ὑφ’
1218 1109 1287 1176 ἑνὸς

327 1209 378 1281 38,
402 1208 442 1267 28
467 1204 516 1268 διὰ
537 1208 601 1268 τοῖν
626 1204 711 1266 δυοῖν
737 1203 841 1287 ἀρχῶν
1012 1208 1052 1266 21
1077 1204 1205 1290 ἐσβέοτη

325 1307 422 1381 39,3
466 1301 669 1366 τελεοτόντον
1013 1306 1054 1364 30
1077 1303 1227 1368 δοκοῦντα

406 1407 442 1465 12
467 1403 601 1464 οποσοῦν
699 1481 704 1488 .
937 1404 988 1476 66,
1012 1404 1049 1462 31
1077 1400 1135 1484 ἀρα

327 1502 378 1575 10,
401 1503 442 1561 30
465 1496 635 1582 ἀρέλημοτ
937 1503 988 1575 68,
1012 1503 1051 1560 31
1074 1499 1249 1583 ἡττώμενον

327 1603 419 1673 11,5
466 1597 589 1678 σεισμὸν
613 1594 663 1657 καὶ
682 1595 789 1678 λοιμὸν
811 1595 861 1658 καὶ
937 1599 1030 1673 69,5
1077 1595 1242 1680 ἐπαπορεῖν

239 1683 248 1707 ”
466 1696 554 1777 λιμὸν
576 1695 723 1778 ἀφοριῶν
888 1711 890 1761 1
1016 1698 1051 1762 13
1077 1693 1309 1778 ἐλεοθερῶσθοιι

401 1794 443 1854 20
465 1791 686 1873 εὐθονούμενοι
888 1764 890 1890 1
1011 1795 1051 1852 33
1076 1793 1182 1874 ἀγνοίᾳ
1200 1794 1444 1879 ἀνκεγραμμένοι

403 1894 443 1952 22
467 1888 621 1973 ὠφέλημα
888 1893 890 1978 1
938 1890 989 1963 72,
1018 1893 1053 1950 19
1076 1893 1268 1973 χρησώμεθα

403 1991 443 2050 25
466 1986 594 2051 εὐθονία
888 1987 890 1998 ’
937 1989 1030 2060 73,7
1079 1987 1247 2070 θρολλοάσι

403 2090 443 2148 28
467 2084 695 2170 εὐθονομένοος
937 2086 989 2160 71,
1017 2087 1048 2145 11
1077 2085 1260 2168 θρολλοῦσιν

326 2189 379 2261 12,
402 2189 442 2247 32
466 2184 576 2268 ροράν,
599 2181 621 2270 ᾖ
644 2186 709 2270 ἅμα
937 2186 988 2258 75,
1018 2184 1053 2244 19
1078 2183 1252 2268 βαδίσορεν

326 2287 419 2360 13,5
464 2281 553 2344 εὐθυ·
938 2285 989 2358 77,
1017 2285 1052 2342 17
1077 2282 1119 2343 ὧν
1143 2281 1283 2364 λέγοντες
1304 2289 1419 2350 δυσοττ.

401 2386 441 2443 21
465 2382 692 2465 ὡμολογήσοσι
937 2384 989 2455 78,
1017 2384 1053 2441 15
1075 2378 1247 2463 προσθῆναι

326 2485 419 2557 11,5
464 2480 668 2561 προστεθεῖσα
937 2483 1028 2554 73,1
1077 2475 1149 2538 ὄντα
1173 2481 1210 2542 τά
1233 2483 1409 2568 ὑπάρχοντα

325 2586 376 2657 15,
400 2585 439 2642 27
464 2583 506 2646 ος
529 2579 672 2662 δυνάμεις
936 2581 990 2652 82,
1017 2577 1053 2635 19
1078 2579 1305 2663 σερνηνορέννγς

326 2684 377 2755 16,
401 2682 440 2740 35
464 2678 493 2739 τί
514 2678 564 2739 δεῖ
579 2679 656 2760 πρὸς
936 2679 1029 2750 83,7
1078 2673 1311 2762 ἐπιχειρίσομεν

326 2781 377 2852 18,
400 2780 437 2837 31
464 2777 642 2858 ὠφελήμος
1014 2778 1053 2836 33
1078 2772 1302 2856 εὐδοκημοῦσιν

326 2877 378 2951 19,
404 2877 442 2951 18
465 2871 816 2955 ἀποπαιδαγογούρεθα,
936 2874 989 2946 81,
1013 2875 1053 2934 28
1077 2869 1211 2954 βοόντον

465 2970 530 3036 οἶος
552 2992 585 3032 τε
608 2972 652 3036 ὡς
888 2983 890 3082 γ
936 2972 988 3044 86,
1012 2973 1052 3029 35
1077 2968 1206 3030 ὑδώλον

326 3073 378 3146 50,
404 3073 440 3132 17
463 3070 570 3152 νήπιον
592 3069 731 3152 ὑπάρχον
888 3085 890 3136 1
936 3069 988 3140 87,
1011 3070 1050 3128 27
1076 3066 1282 3152 ἀμβλήνοντετ

325 3173 377 3244 52,
404 3171 441 3231 13
463 3167 610 3250 καθορᾶν
887 3153 890 3258 3
936 3167 1256 3250 88,12σερνήνετοιι

401 3268 441 3328 30
465 3265 589 3347 ὤφελος
887 3263 890 3350 1
938 3264 989 3339 90,
1014 3264 1053 3324 39
1079 3263 1142 3348 ῥέει

324 3367 419 3440 53,5
463 3360 603 3445 διαμένοι
888 3355 889 3376 ’
938 3361 1213 3444 92,18ἀνοίσκητ

400 3465 419 3524 7
463 3460 551 3544 τάχει
1014 3463 1054 3522 25
1079 3459 1198 3542 ἐδεδείη

405 3565 442 3621 18
466 3557 613 3643 στρόρνην
1014 3562 1053 3620 28
1078 3557 1189 3639 ἰουδὴθ

401 3661 442 3718 22
464 3656 606 3738 χορηγία
937 3659 988 3731 93,
1015 3658 1051 3718 17
1074 3660 1211 3718 τοιοῦτον
1230 3654 1303 3740 ἔχον
1321 3657 1374 3739 μὲν
1390 3663 1443 3738 τῆς

324 3757 377 3831 51,
404 3757 439 3814 12
461 3753 685 3835 η’·κροτηρίοιστο
1013 3758 1048 3815 31
1076 3753 1193 3834 ἀγαθὸς
1213 3755 1232 3837 η’
1256 3757 1295 3838 μὴ

324 3856 416 3928 56,1
465 3849 632 3931 ὡρίσαντος
887 3853 889 3886 ¹
936 3855 987 3925 96,
1010 3854 1051 3912 39
1074 3851 1243 3932 ἀγνοοῦσιν

324 3953 419 4026 60,7
464 3947 714 4032 λοιδορούμενος
937 3952 988 4025 97,
1012 3952 1053 4010 20
1076 3950 1122 4022 ἀν.
1157 3947 1211 4034 κᾷν
1236 3956 1331 4014 ταῦτα
1425 3999 1429 4008 ,

403 4051 440 4109 19
464 4045 653 4130 ἐροτιόντον
937 4049 988 4123 99,
1012 4050 1052 4108 35
1076 4046 1232 4110 ἀνώδυνον

400 4151 440 4210 22
464 4143 615 4208 δεικνύναι
637 4146 671 4208 τὸ
693 4146 743 4208 καὶ
918 4148 1030 4222 100,6
1077 4142 1212 4226 ἑγεγόνοι

400 4250 440 4308 23
462 4265 496 4305 τε
518 4245 641 4306 καὶκαὶ
666 4242 738 4309 ἄσπ.
1013 4247 1051 4308 37
1077 4245 1175 4328 εἰρμο-

324 4345 377 4418 61,
400 4343 441 4402 20
462 4340 699 4424 τιρόοργιετέραν
887 4361 889 4436 γ
920 4345 988 4418 101,
1016 4346 1051 4405 17
1076 4341 1286 4425 ἐμπιμπλῆτοιι

400 4444 441 4502 33
463 4439 653 4521 παρευδοκη-
887 4445 889 4479 ⁴
919 4445 989 4516 101,
1016 4446 1054 4502 10
1078 4438 1154 4523 μετὰ
1178 4439 1211 4500 δὲ
1236 4442 1302 4502 θον.

262 4586 268 4596 .
324 4541 377 4616 62,
399 4541 440 4603 39
465 4535 601 4623 βοόντον
887 4491 890 4610 1
1011 4542 1052 4602 35
1077 4541 1119 4606 ὡς
1142 4537 1242 4621 σωτὴρ
1265 4536 1334 4600 οὔτε
1376 4537 1378 4542 ’
