3517 5434
398 758 434 813 88
804 757 893 827 Λόγος
912 755 926 811 ό
946 759 1046 831 κρατὴρ
1352 781 1406 832 cap.
1425 763 1451 815 4.

355 910 375 975 7
398 915 588 980 ἐλαττωθὲν
608 907 670 992 τὴν
690 914 751 978 τοῦ
772 916 884 1001 ἑτέρου
906 919 1113 1002 ἐφανέρωσεν
1134 918 1308 1000 ἐνέργειαν.
1350 913 1372 996 ἡ
1394 920 1454 1000 μὲν

400 1017 462 1092 οὖν
482 1025 543 1090 τοῦ
557 1026 743 1114 κρείττονος
757 1027 883 1109 αἵρεσις
898 1021 937 1089 οὐ
959 1021 1064 1109 μόνον
1079 1027 1125 1111 τῷ
1139 1029 1282 1111 ἑλομένῳ
1295 1027 1453 1106 καλλίστη

326 1197 378 1212 M
457 1133 560 1223 χόνει,
582 1130 642 1203 τόν
666 1134 851 1221 ἄνθρωπον
873 1133 1081 1230 ἀπῄίεῶσαι,
1104 1130 1268 1202 ἀλλὰκαὶ
1291 1129 1352 1216 τὴν
1372 1131 1455 1220 πρός
1473 1151 1488 1201 3

402 1245 488 1313 θεὸν
510 1245 676 1332 εὐσέβειαν
691 1248 921 1312 ἐπιδείκνυσιν·
943 1244 1023 1326 ἡδὲ
1037 1250 1098 1313 τοῦ
1118 1243 1293 1324 ἐλάττονος
1314 1242 1374 1312 τόν
1394 1250 1455 1331 μὲν

400 1353 585 1443 ἄνθρωπον
607 1355 786 1435 ἀπώλεσεν,
816 1355 911 1423 οὐδὲν
933 1357 967 1422 δὲ
990 1364 1035 1435 είς
1061 1352 1120 1424 τόν
1142 1353 1229 1424 θεόν
1250 1361 1455 1444 ἐπλημμέλη-

401 1491 466 1549 σεν,
488 1465 511 1550 ἢ
532 1473 631 1536 τοῦτο
653 1466 767 1555 μόνον,
790 1464 842 1534 ότι
863 1463 1020 1556 καθάπερ
1043 1473 1079 1534 αἱ
1100 1472 1231 1555 πομπαὶ
1252 1473 1354 1554 μέσον
1369 1485 1489 1556 παρ-6

401 1585 567 1668 ἔρχονται,
594 1576 676 1667 μήτε
705 1571 805 1645 αὗται
833 1581 1008 1665 ἐνεργῆσαί
1035 1605 1066 1646 τι
1093 1577 1286 1664 δυνάμεναι,
1315 1575 1392 1656 τοὺς
1419 1581 1454 1646 δὲ

401 1692 636 1778 ἐμποδίζουσαν
651 1729 691 1739 -
707 1685 767 1756 τόν
788 1684 891 1756 αὐτόν
912 1686 1038 1778 τρόπον
1059 1695 1114 1758 καὶ
1138 1683 1229 1757 οὗτοι
1249 1687 1354 1775 μόνον
1368 1713 1454 1775 πομ-

399 1800 555 1870 πεύουσιν
577 1809 612 1870 ἐν
634 1804 681 1887 τῷ
702 1798 815 1888 κόσμῳ
836 1798 1065 1889 παραγόμενοι
1085 1797 1150 1868 ὑπό
1173 1805 1238 1868 τῶν
1260 1804 1454 1888 σωματικῶν
1472 1817 1488 1870 9

399 1912 538 1995 ἡδονῶν.

356 2022 379 2091 8
471 2019 604 2091 Τούτων
627 2027 661 2091 δὲ
684 2020 787 2102 οὕτως
809 2019 958 2111 ἐχόντων,
981 2013 1007 2088 ὦ
1035 2019 1114 2103 Τότ,
1136 2019 1179 2089 τοὶ
1200 2027 1261 2110 μὲν
1281 2019 1375 2112 παροδ
1396 2025 1455 2090 τοῦ

401 2137 489 2201 θεοῦ
510 2134 590 2220 ἡμῖν
611 2161 646 2202 τε
667 2135 789 2224 ὑπῆρξε
811 2138 867 2200 καὶ
889 2132 1034 2221 ὑπάρξει,
1056 2129 1099 2199 τὰ
1122 2137 1156 2201 δὲ
1179 2133 1234 2226 ἀφ’
1260 2133 1354 2219 ἡμῶν
1376 2133 1454 2201 bno·
1472 2152 1507 2205 12

401 2241 603 2326 λουθησοίτω
633 2249 688 2313 καὶ
716 2241 763 2331 μὴ
783 2243 1009 2332 ὑστερησοίτω,
1039 2243 1148 2312 ὲπεὶό
1177 2249 1237 2332 μὲν
1259 2241 1342 2324 θεός
1364 2244 1455 2312 ἀναί-

402 2379 480 2433 τιος,
501 2354 595 2441 ἡμεῖς
617 2359 651 2422 δὲ
674 2355 774 2421 α’ίτιοι
795 2358 861 2422 τῶν
876 2361 994 2437 κακῶν,
1019 2360 1122 2422 ταῦτα
1137 2361 1369 2446 προκρίνοντες
1391 2360 1456 2424 τῶν

402 2464 563 2551 ἀμαθῶν·
586 2467 676 2555 ὁρᾷς,
699 2459 726 2533 ὦ
747 2472 869 2547 τέκνον,
891 2467 982 2534 πόσα
1004 2467 1093 2553 ἡμᾶς
1115 2471 1164 2536 δεῖ
1185 2467 1322 2556 σώματα
1338 2467 1456 2549 διεξελ·
1474 2489 1507 2540 15

402 2580 482 2646 θεῖν
504 2584 561 2646 καὶ
582 2575 1027 2672 bawaria-eponae
1042 2583 1098 2646 καὶ
1114 2584 1280 2668 συνέχειαν
1302 2584 1357 2647 καὶ
1380 2577 1457 2668 δρό-

402 2715 485 2773 μους
507 2689 667 2779 ἀστέρων,
696 2697 752 2758 ίνα
774 2686 856 2780 πρός
878 2685 938 2757 τόν
961 2697 1019 2758 ἕνα
1041 2695 1096 2757 καὶ
1124 2689 1231 2776 μόνον
1253 2689 1339 2758 θεὸν
1360 2689 1457 2757 σπεύ-

405 2821 521 2887 σωμεν.
566 2802 753 2889 όδιοίβατον
781 2801 846 2892 μοὶρ
873 2799 912 2868 τό
942 2799 1082 2888 ἀγαθόν
1110 2807 1166 2870 καὶ
1194 2801 1379 2891 ἀπέραντον
1400 2804 1457 2868 καὶ
1476 2826 1510 2876 18

473 3017 499 3068 2.
518 3009 574 3084 σόν]
593 3018 645 3090 γὰρ
662 3039 739 3084 marg.
758 3017 788 3070 B.
809 3012 822 3086 ΙΙ
859 3031 916 3086 post
934 3007 980 3069 obv
999 3017 1044 3068 ΑΒ
1064 3018 1143 3070 Turn.
1162 3019 1243 3071 Fiuss.
1263 3021 1319 3071 add.
1338 3021 1455 3089 ἐνέργεια.

474 3101 500 3153 9.
523 3103 719 3173 παραγόμενοι]
747 3103 783 3155 sic
810 3104 889 3166 Pam,
913 3099 1121 3176 παραγενόμενοι
1144 3105 1224 3156 ceteri.
1307 3105 1347 3156 12.
1374 3103 1456 3174 ἡμῶν]

474 3186 545 3257 ὑμῶν
562 3189 617 3240 ΑΒ.
674 3190 715 3242 17.
734 3192 801 3244 θεὸν
819 3211 871 3244 om.
892 3191 946 3244 AB.
989 3189 1041 3242 .18.
1061 3187 1218 3258 ἀδιάβατοι]
1237 3189 1272 3240 sic
1290 3189 1355 3240 Patr.
1376 3191 1457 3251 Tied,

475 3275 603 3340 διαβατὸν
620 3275 702 3327 ceteri.

405 3461 490 3515 terius
506 3460 684 3518 manifestavit
701 3464 855 3523 efficaciam.
881 3463 1086 3542 praestantioris
1105 3477 1168 3531 ergo
1186 3447 1281 3513 eiectio
1299 3477 1353 3512 non
1371 3458 1458 3516 solum

405 3545 514 3621 eligenti
536 3548 715 3625 pulcherrima
738 3553 782 3621 iit,
804 3555 841 3608 ita
868 3561 899 3606 ut
921 3550 1054 3604 bominem
1077 3545 1198 3611 deificet,
1221 3543 1272 3600 sed
1295 3546 1373 3600 etiam
1397 3565 1458 3620 erga

405 3632 484 3689 deum
503 3636 629 3711 pietatem
647 3638 776 3705 ostendit;
794 3637 906 3692 minoris
923 3652 988 3688 vero
1007 3630 1104 3685 electio
1123 3629 1256 3687 bominem
1275 3631 1382 3708 quidem
1401 3654 1459 3710 per-

406 3718 488 3783 didit,
512 3721 578 3776 nibil
602 3734 690 3780 autem
712 3727 740 3780 iu
763 3722 841 3777 deum
864 3719 999 3796 peccavit,
1021 3717 1075 3770 nisi
1093 3716 1144 3772 boo
1162 3717 1263 3787 solum,
1287 3719 1359 3795 quod
1378 3723 1459 3776 sicuti

405 3825 520 3882 pompae
538 3827 587 3883 per
604 3809 718 3866 medium
736 3814 888 3870 transeunt,
911 3822 999 3877 neque
1017 3802 1091 3879 ipsae
1109 3823 1186 3878 agero
1208 3804 1310 3882 aliquid
1328 3805 1458 3874 valentes,

405 3893 461 3946 nisi
479 3892 552 3967 quod
570 3896 719 3972 impediunt
738 3926 769 3936 -
789 3890 883 3946 eodem
901 3888 980 3944 modo
1000 3899 1026 3944 et
1044 3891 1089 3945 isti
1114 3910 1237 3968 pompam
1259 3903 1361 3949 tantum
1379 3902 1459 3968 agunt

405 3979 434 4032 in
452 3978 550 4035 mundo
569 3981 709 4038 abductio
728 3977 866 4052 corporeis
884 3975 1075 4054 voluptatibus.

461 4064 511 4119 His
529 4067 565 4120 ita
584 4087 614 4122 se
632 4064 805 4129 habentibus,
825 4082 842 4116 o
860 4061 925 4131 Tot,
944 4084 1011 4140 quae
1030 4085 1043 4118 a
1063 4062 1114 4118 deo
1132 4073 1204 4131 suut,
1222 4063 1351 4117 babemus
1370 4071 1397 4116 et
1415 4061 1458 4116 ba·

406 4149 539 4218 bebimus,
557 4151 607 4208 alia
626 4174 640 4208 a
658 4151 737 4205 nobis
750 4149 858 4204 veniant
875 4168 943 4206 nove
960 4149 1110 4216 tardemus3
1127 4169 1188 4204 nam
1206 4147 1273 4204 dens
1292 4167 1385 4203 caussa
1404 4168 1458 4203 non

336 4245 345 4283 t
410 4246 465 4304 est,
484 4257 534 4294 nos
553 4258 616 4296 vero
635 4255 729 4291 caussa
745 4233 875 4292 maiorum
893 4257 998 4305 sumus,
1021 4236 1087 4291 baec
1104 4234 1285 4311 praeferentes
1308 4234 1399 4301 bonis;
1421 4236 1459 4289 vi·

310 4346 313 4350 ·
408 4322 466 4391 des,
485 4324 562 4390 oiili,
582 4331 648 4397 quot
664 4341 715 4376 nos
733 4331 857 4399 oporteat
875 4343 989 4402 corpora
1002 4323 1165 4399 pertransire
1177 4330 1205 4375 et
1217 4330 1284 4397 quot
1301 4319 1458 4375 daemonum

409 4410 507 4467 eboros
527 4420 553 4465 et
576 4410 776 4464 continuitatem
795 4419 822 4465 et
840 4429 936 4468 cursus
959 4418 1104 4475 astrorum,
1128 4416 1158 4463 ut
1175 4407 1209 4462 ad
1228 4427 1308 4463 unum
1327 4417 1354 4462 et
1371 4406 1459 4462 solum

409 4496 486 4554 deum
504 4497 668 4554 festinemus.
704 4496 804 4554 bonum
822 4500 892 4555 enim
911 4496 1020 4552 transiri
1037 4513 1091 4551 non
1109 4503 1201 4573 potest
1218 4504 1246 4551 et
1263 4495 1459 4552 interminatum
