3517 5434
873 641 932 702 12³
1374 651 1456 706 Ἰοόλ.

334 809 456 870 ,δεικται
477 809 497 889 ή
520 805 675 890 παρθένος
696 806 762 886 (καὶ
782 805 873 869 τοῦτό
900 806 962 870 ἐστι
985 808 1019 870 τὸ
1043 807 1207 891 μυστήριον
1229 810 1283 889 τῆς
1306 807 1458 890 σωτηρίας

339 906 427 988 ήμῶν
450 906 483 968 τδ
499 905 698 987 σαρκωθῆναι
719 909 774 968 τοῦ
796 904 877 967 θεοῦ·
894 903 1011 987 λόγον),
1035 902 1207 989 ἀχάριστός
1229 903 1292 966 ἐστι
1312 904 1362 966 καὶ
1384 902 1455 986 ἀμέ-

341 1024 442 1086 ριστος
460 1006 515 1084 τῆς
534 1003 647 1065 ἑαυτοῦ
669 1003 781 1086 σαρκὸς
803 1002 951 1065 καὶκατὰ
971 1004 1023 1086 τήν
1044 1003 1120 1086 πρὸς
1139 1001 1211 1064 θεὸν
1234 1001 1325 1083 λόγον
1348 1000 1456 1063 ένωσιν

340 1103 394 1181 τῆς
422 1098 500 1162 κατὰ
531 1100 584 1181 τὴν
617 1097 706 1182 φῦσιν
737 1099 979 1182 όμοουσιότητος
1007 1105 1061 1163 τοῦ
1093 1097 1187 1180 λόγου
1218 1102 1272 1180 τῆς
1302 1099 1377 1181 πρδς
1406 1099 1456 1161 τδν

339 1195 458 1279 πατέρα
492 1195 685 1258 ἐπικοινωνεῖ
716 1200 760 1280 τῷ
795 1195 923 1279 δνόματι
955 1199 974 1280 ή
1010 1200 1126 1280 νοεριῦς
1162 1195 1347 1280 ψυχωθεῖσα
1382 1195 1490 1279 σάρξῦ

341 1295 437 1358 αὐτοῦ
460 1293 497 1356 οῦ
520 1294 572 1357 καί
595 1292 669 1376 σάρξ
694 1291 788 1367 ἐστιν,
818 1291 881 1374 είγε
904 1293 1031 1376 ἀληθῶς
1054 1295 1152 1376 σάρκα
1175 1294 1388 1375 ὁμολογοῦμεν
1410 1316 1456 1374 γε·

339 1391 487 1475 γενήσθαι
510 1396 565 1454 τοῦ
585 1391 662 1452 θεοῦ
684 1388 792 1471 λόγον·
825 1391 909 1454 εἰδὲ
934 1392 974 1474 μὴ
1000 1390 1207 1466 ἐπικοινωνεῖ,
1239 1391 1335 1474 πάντη
1362 1391 1457 1474 ἀπηλ-

341 1489 513 1574 λοτρίωται.
556 1487 627 1550 οῦτε
653 1487 710 1570 γάρ
739 1488 875 1571 σωτηρία
905 1487 939 1551 ἐκ
967 1492 1019 1570 τῆς
1044 1489 1231 1571 σαρκιίισεως
1252 1487 1459 1571 ἐπηκολούθει

340 1592 403 1654 τοῖς
432 1591 561 1662 πιστοῖς,
592 1584 678 1652 ἐκτδς
704 1587 758 1666 τῆς
783 1584 871 1653 θείας
897 1587 1020 1668 τριάδος
1041 1585 1253 1669 ὑπαρχούσης·
1288 1583 1458 1668 οὐδὲνγὰρ

340 1685 547 1767 προσκυνητδν
577 1681 651 1746 οῦδὲ
677 1683 831 1765 σωτήριον
851 1682 938 1750 ἐκτδς
958 1687 1011 1765 τῆς
1031 1682 1118 1750 θείας
1136 1682 1274 1766 τριάδος,
1305 1681 1385 1745 ἀλλά
1405 1703 1455 1743 πε·
1477 1688 1509 1742 10

257 1808 261 1814 ·
341 1781 422 1866 ριττή
443 1803 487 1848 τις
506 1782 557 1844 καὶ
577 1780 704 1863 ἄκαιρος
724 1778 830 1848 αὐτοῖς
848 1779 1110 1864 ἀποδειχθήσεται
1129 1781 1148 1862 ή
1165 1780 1326 1862 σάρκωσις,
1345 1778 1460 1862 ψεῦδος

341 1880 376 1943 δὲ
408 1878 610 1962 εὑρεθήσεται
639 1875 708 1939 κατ’
741 1874 854 1945 αὐτοῦς
878 1876 988 1940 καὶτὰ
1010 1880 1070 1938 τῶν
1095 1875 1190 1938 θείων
1212 1879 1358 1962 γραφῶν,
1393 1875 1457 1937 οῖον

340 1981 374 2042 τὸ
401 1978 437 2054 ,ό
461 1974 551 2057 λόγος
572 1973 646 2058 σὰρξ
670 1971 810 2055 ἐγένετο“
833 1975 884 2038 καὶ
900 1975 934 2037 τδ
960 1973 1092 2058 ,ἐτέχθη
1107 1974 1179 2056 ἡμῖν
1195 1975 1328 2058 σήμερον
1338 1971 1459 2056 Ἰησοῦς

340 2077 463 2159 χριστδς
484 2074 515 2136 ἐν
537 2072 627 2135 πόλει
650 2071 780 2155 Δαβιδ“,
802 2073 916 2156 ψεῦδος
938 2073 972 2134 δὲ
994 2072 1044 2144 καὶ
1067 2072 1100 2132 τδ
1125 2071 1218 2147 ,θεὸς
1240 2071 1382 2154 ἰσχυρδς“
1408 2074 1457 2133 καὶ

339 2173 373 2234 τδ
399 2171 558 2248 ,παιδίον“
583 2171 634 2232 καὶ
655 2170 753 2231 πάντα
776 2168 813 2231 τὰ
836 2169 954 2237 τούτοις
978 2169 1081 2251 όμοια,
1103 2168 1172 2231 ἀλλ’
1190 2167 1455 2250 οὐδὲθεοτόκοςή
1476 2177 1509 2230 15

340 2268 494 2352 παρθένος
516 2265 559 2331 ἔτι
577 2266 824 2348 πιστευθήσεται,
846 2265 921 2350 όπερ
944 2267 1089 2352 ἀθέμιτον
1112 2268 1162 2329 καὶ
1186 2265 1295 2351 ἀσεβὲς
1313 2265 1346 2327 τδ
1360 2269 1457 2328 τοιοῦ-

340 2389 391 2428 τον
416 2366 467 2428 καὶ
491 2365 651 2450 ἀλλότριον
673 2364 774 2446 πάσης
795 2363 965 2450 θεοσεβοῦς
988 2369 1101 2450 ψυχῆς·
1136 2364 1382 2448 ἀνατραπήσεται
1401 2360 1457 2445 γάρ

341 2462 445 2530 αὐτοῖς
475 2467 559 2525 πᾶσα
591 2462 675 2530 ἐλπὶς
703 2466 885 2546 χριστιανῶν
915 2464 966 2528 καὶ
998 2462 1089 2530 αὐτὸς
1118 2463 1134 2525 ό
1159 2462 1387 2546 χριστιανισμδς
1416 2460 1459 2528 εἰς

341 2560 431 2623 οῦδὲν
462 2561 686 2644 λογισθήσεται.
732 2559 807 2622 οὐδὲ
834 2559 892 2648 γὰρ
921 2561 954 2622 τδ
983 2559 1061 2643 μέγα
1084 2562 1135 2623 καὶ
1157 2560 1253 2642 τίμιον
1279 2559 1396 2643 δῶρον,
1424 2560 1457 2622 τὸ
1570 2620 1575 2626 .

339 2662 520 2742 χριστιοινῶν
544 2661 577 2721 τδ
601 2658 643 2726 εἰς
664 2659 715 2720 τδν
736 2658 869 2720 θάνατον
891 2663 944 2721 τοῦ
964 2663 1090 2742 χριστοῦ
1110 2658 1294 2739 τελούμενον
1317 2655 1456 2740 λουτρόν,
1474 2663 1510 2716 20

341 2754 426 2818 θεῖόν
458 2778 486 2817 τι
512 2754 728 2838 λογισθήσεται
756 2754 836 2817 ἀλλά
858 2754 1069 2839 ἀνθρώπινον,
1102 2753 1163 2838 εἴγε
1187 2753 1261 2816 οὐδὲ
1285 2753 1460 2837 ἐναρίθμιός

342 2852 405 2915 ἐστι
426 2858 465 2935 πή
483 2852 553 2935 θείη
572 2852 671 2935 τριάδι
689 2853 709 2935 ή
732 2853 883 2936 σάρκωσις
901 2856 955 2914 τοῦ
977 2851 1081 2933 κυρίου
1103 2853 1190 2936 ήμῶν
1203 2847 1305 2934 Ἰησοῦ
1321 2854 1457 2934 χριστοῦ.

339 2951 412 3033 ήμῖν
446 2951 480 3012 δὲ
510 2946 717 3032 ὁμολογητέον
747 2949 820 3014 υἱὸν,
841 2947 918 3012 θεοῦ
945 2947 995 3010 καὶ
1022 2948 1166 3031 ἀληθινὸν
1188 2949 1239 3010 τδν
1263 2948 1321 3032 πρδ
1348 2948 1459 3016 αἰῶνος

340 3047 390 3108 τδν
413 3045 578 3128 όμοοῦσιον
600 3043 645 3129 τιγῖ
665 3047 755 3131 πατρὶ
776 3047 899 3130 χριστδν
920 3043 1038 3128 Ἰησοῦν
1063 3047 1113 3110 τδν
1138 3045 1241 3129 κόριον
1266 3047 1365 3130 ήμῶν,
1390 3044 1457 3127 θνή

339 3143 494 3227 παρθένος
512 3141 655 3226 ἐγέννησε
676 3149 801 3228 σωτῆρα
816 3144 867 3206 καὶ
890 3143 1054 3226 λυτρωτήν.
1083 3145 1134 3206 καὶ
1151 3143 1248 3228 τοότῳ
1262 3144 1314 3227 τὴν
1327 3142 1456 3227 προσκό-
1475 3149 1509 3203 δῦ

341 3264 425 3325 νησιν
451 3238 639 3324 όφειλόντως
660 3239 879 3326 προσφέρομεν
903 3242 953 3302 καὶ
976 3238 1032 3302 οῦκ
1053 3239 1232 3326 ἀφορίζεται
1254 3245 1307 3326 τῆς
1329 3262 1457 3322 προσκυ-

341 3339 497 3422 νήσεωςὴ
520 3337 593 3422 σάρί
614 3337 720 3401 αὐτοῦ.
755 3337 905 3400 ἀδόνατον
925 3337 982 3421 γὰρ
1006 3337 1046 3422 μὴ
1069 3336 1280 3422 διοριζομένης
1301 3341 1353 3420 τῆς
1373 3336 1459 3406 θείας

342 3439 424 3518 ζωῆς
445 3435 635 3519 διορίζεσθαι
654 3436 692 3500 τά
712 3440 766 3519 τῆς
787 3438 1042 3521 προσκυνήσεως·
1078 3434 1113 3498 οῦ
1137 3435 1194 3518 γάρ
1218 3457 1261 3502 τις
1283 3435 1335 3517 τὴν
1361 3435 1458 3518 σάρκα

342 3532 378 3594 οδ
401 3536 583 3616 προσκυνεῖ,
610 3539 716 3598 τοῦτον
740 3533 777 3597 οῦ
801 3539 983 3618 προσκυνεῖ·
1017 3535 1128 3598 οῦκοῦν
1154 3531 1184 3594 ἐν
1207 3530 1246 3615 πή
1272 3533 1382 3594 ἑνώσει
1404 3538 1457 3595 τοῦ

342 3628 435 3711 λόγου
464 3631 541 3714 πρδς
565 3632 618 3714 τὴν
645 3630 784 3716 ἔμψυχον
808 3633 858 3694 καὶ
883 3633 1005 3716 λογικήν
1029 3632 1124 3695 αὐτοῦ
1148 3630 1245 3714 σάρκα
1269 3632 1311 3696 ὡς
1334 3629 1377 3690 ἑνὶ
1401 3629 1458 3714 υἱῷ
1475 3640 1510 3694 30

343 3727 396 3810 μία
418 3727 468 3788 καὶ
487 3728 690 3812 προσκόνησις
708 3727 918 3812 προσφέρεται
936 3730 1009 3814 παρ’
1034 3731 1122 3813 ήμῖυν
1143 3731 1185 3796 ὡς
1205 3727 1221 3789 δ
1244 3727 1460 3809 εὐαγγελιστής

343 3825 412 3908 μίαν
437 3824 519 3906 ζωὴν
541 3830 596 3889 τοῦ
619 3822 784 3906 λόγουκαὶ
801 3829 854 3906 τῖης
876 3827 988 3908 σαρκὸς
1001 3825 1273 3909 εὐαγγελιζόμενος
1296 3823 1331 3900 ,ό
1347 3822 1456 3904 λόγος“

343 3922 417 4006 φησὶ
438 3921 531 4004 ,σὰρξ
555 3920 707 4003 ἐγένετο“.
749 3920 860 3984 οὐκοῦν
881 3923 909 3984 εί
923 3921 995 4006 σάρξ
1010 3924 1025 3986 ό
1042 3921 1132 4006 λόγος
1146 3921 1282 4004 γέγονεν,
1301 3922 1351 3984 τδν
1367 3919 1457 4003 λόγον

341 4025 520 4103 προσκυνῶν
549 4041 592 4086 τις
617 4020 670 4103 τήν
696 4020 794 4103 σάρκα
816 4024 984 4103 προσκυνεῖ
1003 4021 1055 4084 καὶ
1080 4021 1132 4102 τήν
1158 4019 1255 4102 σάρκα
1278 4023 1457 4102 προσκυνῶν

341 4106 384 4184 τις
414 4117 467 4199 τὴν
500 4114 634 4199 θεότητα
666 4121 834 4199 προσκυνεῖ
858 4117 909 4180 καὶ
936 4119 965 4180 οἱ
992 4121 1234 4202 προσκυνοῦντες
1260 4117 1311 4178 τδν
1334 4118 1456 4200 χριστδν
1475 4129 1510 4184 35

338 4210 458 4296 Ἰησοῦν
490 4211 658 4276 ἀπόστολοι
687 4218 732 4299 τιγῖ
762 4215 881 4297 σώματι
911 4220 1153 4298 προσκυνοῦντες
1183 4215 1233 4278 τδν
1264 4212 1336 4275 θεὸν
1367 4211 1457 4294 λόγον

341 4309 559 4394 προσεκίνουν.
591 4301 646 4374 καὶΙ
661 4310 786 4392 ἄγγελοι
801 4311 835 4374 δὲ
853 4311 939 4397 αὐτῷ
954 4310 1113 4396 διηκόνουν
1132 4313 1175 4379 ιῦς
1189 4309 1224 4373 ἀν
1242 4309 1309 4396 ἰδίω
1323 4308 1457 4394 δεσπότη

341 4411 385 4492 τιγῖ
400 4407 519 4489 σάματι
535 4406 723 4492 προσιόντες,
741 4408 793 4471 καὶ
814 4408 834 4489 ή
855 4408 1009 4493 παρθένος
1027 4407 1082 4471 ἀπ’
1100 4409 1198 4493 ἀρχῆς
1215 4409 1313 4492 σάρκα
1326 4412 1459 4472 τεκοῦσα

342 4505 392 4567 τδν
416 4501 506 4585 λόγον
528 4502 638 4568 ἔτικτεν
657 4503 761 4590 καλήν
784 4503 942 4584 θεοτόκος,
964 4505 1014 4567 καὶ
1031 4503 1179 4570 Ἰουδαῖοι
1198 4505 1231 4567 ιδ
1255 4511 1347 4591 σῶμα
1371 4525 1466 4570 στου·
