3517 5434
378 711 407 750 tv
783 696 905 748 Praelatio
924 697 1033 751 editoris.

375 861 446 917 ctor
466 851 632 916 Johannes
652 849 807 914 Albertus
822 849 994 916 Fabricius
1016 860 1090 918 ante
1106 851 1231 940 Orphei
1251 864 1283 920 et
1297 855 1431 922 Homeri

375 961 518 1026 carmina
544 961 769 1043 collocaverit,
797 983 852 1026 eos
880 961 1063 1044 sequiorum
1089 972 1269 1050 temporum
1296 965 1432 1033 historia

374 1071 531 1136 litteraria
560 1071 603 1136 ad
629 1070 799 1136 Iamblichi
828 1079 861 1135 et
888 1071 1063 1157 Porphyrii
1099 1083 1237 1140 aetatem
1265 1077 1429 1164 relegavit.

372 1182 431 1246 sed
470 1203 607 1268 magnus
645 1181 778 1248 haacus
823 1179 1035 1246 Casaubonus
1070 1183 1103 1246 in
1151 1187 1430 1252 exercitationibus

374 1294 568 1358 Baronianis
590 1293 655 1356 iam
669 1292 829 1358 Iustinum
848 1299 1025 1378 martyrem
1039 1296 1190 1362 nonnulla
1213 1319 1252 1361 ex
1266 1296 1429 1364 Hermetis

373 1403 456 1468 libro
486 1403 602 1468 citasse
629 1425 776 1485 monens,
812 1409 976 1468 auctorem
1006 1403 1213 1471 christianum
1243 1406 1292 1470 vel
1320 1407 1428 1490 potius

375 1513 663 1578 semichristianum
698 1536 762 1578 non
795 1513 897 1578 multo
931 1522 1007 1598 post
1039 1517 1255 1600 apostolomm
1282 1524 1428 1601 tempora

376 1624 496 1688 vixisse
517 1623 674 1711 perhibet.

333 1800 336 1807 ,
442 1733 535 1816 Quae
558 1732 755 1819 computatio
777 1731 811 1795 in
833 1725 999 1798 novissimi
1020 1736 1112 1800 istius
1135 1734 1254 1799 codicis
1276 1733 1427 1800 demotici

375 1855 522 1930 tempora
543 1843 729 1908 Neroniana
750 1841 872 1906 incidit.
908 1842 1022 1909 horum
1037 1852 1142 1908 eutem
1165 1843 1313 1908 codicum
1336 1847 1427 1929 quasi

373 1957 408 2020 in
438 1954 506 2018 dies
534 1949 650 2018 crescit
678 1961 710 2016 et
737 1975 887 2017 numerus
915 1963 948 2017 et
976 1953 1124 2041 dignitas.
1171 1976 1243 2018 cum
1272 1955 1358 2020 enim*
1381 1956 1427 2022 illi

374 2066 429 2150 qui
457 2065 597 2149 primum
624 2064 831 2127 innotuemnt
858 2063 984 2127 nonnisi
1019 2061 1215 2145 emptionum
1243 2075 1427 2132 contractus

376 2173 597 2257 exhibuerint,
626 2175 680 2238 alii
710 2195 823 2238 recens
844 2172 964 2237 detecti
993 2170 1113 2255 scripta
1141 2169 1222 2234 varii
1249 2179 1428 2259 argumenti

374 2284 468 2348 nohis
489 2283 721 2370 praebuerunt,
743 2283 868 2350 ritualia
889 2279 1030 2345 fimebris
1051 2279 1286 2368 hieroglyphici
1308 2284 1428 2349 versio-

374 2417 432 2460 nes
447 2392 633 2477 demotims,
656 2396 850 2475 animalium,
871 2392 1062 2478 plantarum,
1082 2389 1226 2474 lapidum
1240 2392 1428 2480 descriptio·

375 2528 449 2588 nes,
470 2514 644 2592 praecepta
665 2505 806 2588 medica,
827 2501 1062 2588 mythologicas
1084 2503 1222 2588 gnostici
1242 2513 1279 2568 ut
1300 2505 1428 2572 videtur

375 2617 516 2681 auctoris
531 2617 772 2703 explicationes,
794 2610 996 2697 interspersis
1011 2614 1136 2697 graecis
1150 2615 1325 2680 vocabulis.
1347 2640 1427 2682 non·

376 2728 536 2794 nullorum
564 2750 691 2812 quoque
713 2726 861 2791 codicum
888 2721 1119 2788 demotioorum
1140 2725 1266 2812 integra
1287 2728 1427 2814 antigra-

374 2838 441 2925 pha
461 2831 579 2926 graeca
600 2846 722 2904 extant.
765 2834 882 2920 quibus
903 2833 1067 2918 perpensis
1089 2836 1167 2901 satis
1189 2837 1293 2904 elucet
1313 2841 1427 2904 arctis·

375 2951 457 3015 sima
477 2950 562 3015 inter
584 2948 759 3016 demoticas
781 2953 814 3010 et
835 2965 969 3030 graecas
995 2945 1152 3012 inferioris
1180 2955 1276 3014 notae
1302 2949 1426 3015 litteras

376 3062 567 3127 coniunctio.
597 3082 696 3145 quare
716 3080 782 3122 non
803 3055 1036 3141 desperandum
1059 3065 1108 3122 est
1121 3058 1190 3124 fore
1203 3068 1241 3124 ut
1255 3060 1426 3144 aliquando

377 3173 663 3260 aegyptologomm
676 3165 1034 3238 ,sollertiaPoemandri
1046 3169 1099 3234 vel
1120 3169 1201 3235 alius
1222 3171 1334 3256 scripti
1355 3170 1427 3235 her·
1544 3265 1546 3268 Ι
1618 3255 1619 3260 ¹

376 3283 484 3348 metici
513 3288 619 3346 textus
651 3277 830 3343 demoticus
866 3301 906 3343 ex
941 3279 1068 3346 schedis
1101 3279 1164 3344 illis
1198 3281 1426 3365 antiquissimis

376 3402 515 3458 eruatur.

442 3503 526 3569 Cum
547 3506 656 3566 autem
675 3497 710 3562 in
731 3496 934 3564 bibhothecis
955 3505 1023 3564 tam
1044 3497 1181 3584 puthis
1204 3523 1299 3584 quam
1320 3501 1427 3586 priva-

267 3667 271 3676 .
376 3615 419 3680 tis
440 3610 602 3678 rarissima
622 3608 687 3674 sint
699 3608 895 3675 Poemandri
908 3610 1064 3695 exempla,
1088 3632 1182 3694 quem
1197 3610 1271 3676 inde
1287 3611 1327 3676 ab
1344 3634 1426 3676 anno

379 3724 464 3790 1630
478 3720 566 3805 typis
580 3719 767 3786 mandatum
780 3743 846 3786 non
860 3730 930 3785 esse
946 3728 1083 3803 constet,
1106 3743 1178 3785 eum
1194 3721 1297 3787 denuo
1313 3721 1427 3788 edendi

377 3831 543 3896 consilium
565 3831 645 3917 cepi.
692 3854 786 3916 quem
808 3831 851 3897 ad
872 3831 968 3896 finem
990 3833 1062 3897 usui
1084 3831 1163 3898 mihi
1184 3833 1313 3898 fuemnt

441 3942 486 4023 A,
498 3940 601 4006 codex
611 3942 815 4007 Florentinus
824 3942 1071 4024 Laurentianus,
1079 3941 1165 4008 Plut.
1174 3942 1307 4024 LXXI,
1312 3965 1363 4006 no.
1372 3941 1426 4024 33,

376 4051 565 4118 chartaceus
592 4054 625 4118 in
652 4055 724 4136 lto,
761 4051 880 4118 saeculi
907 4050 1010 4132 XIV,
1039 4075 1133 4135 quem
1161 4053 1353 4118 Franciscus
1387 4051 1427 4116 de

374 4163 476 4229 Furia
496 4163 539 4229 V.
560 4162 611 4229 cl.
640 4172 757 4252 rogatu
782 4184 855 4227 meo
884 4183 966 4226 anno
989 4162 1074 4231 1850
1097 4185 1170 4228 cum
1190 4163 1333 4228 Tumebi
1360 4162 1427 4228 edi-

374 4277 462 4340 tione
482 4275 707 4342 conferendum
729 4273 864 4355 curavit,

323 4464 328 4472 ι
439 4387 481 4470 Β,
504 4387 606 4456 codex
626 4386 793 4452 Parisinus
810 4383 907 4466 1220,
930 4383 988 4448 sub
1011 4384 1105 4450 finem
1128 4385 1246 4450 saeculi
1259 4385 1349 4450 XIII
1371 4409 1426 4450 ex-
