3517 5434
855 647 898 708 20
1305 659 1436 718 ³⁸4

321 815 471 899 σύφρονα
491 811 636 896 γενέσθαι
663 813 715 877 τὸν
736 811 916 896 ἄνθρωπον,
942 813 1033 876 πάλιν
1055 814 1089 875 τδ
1113 813 1143 876 τί
1163 812 1226 876 ἐστι
1249 813 1435 900 σωφροσύνη

319 912 569 994 καταλιμπάνων,
594 909 643 974 ἐπὶ
658 907 820 993 άλόγιστον
841 910 955 995 αἵρεσιν
978 911 994 974 δ
1018 913 1157 994 τοιοῦτος
1175 910 1315 986 έκκλίνει,
1330 911 1364 974 τδ
1381 912 1436 994 μὲν

321 1007 367 1072 ότι
399 1007 555 1075 άδύνατόν
588 1007 667 1071 έσπιν
701 1007 774 1072 ἄνευ
808 1006 1012 1093 σωφροσύνης
1045 1009 1096 1070 καὶ
1128 1006 1321 1092 δικαιοσύνης
1353 1007 1436 1078 ἄξιον

320 1104 399 1170 εἶναι
427 1111 485 1169 τοῦ
508 1104 714 1190 πεποιηκότος
735 1105 910 1189 τιθέμενος,
943 1107 994 1168 τὸν
1026 1105 1060 1168 δὲ
1089 1103 1200 1190 τρόπον
1229 1108 1282 1188 τῆς
1301 1106 1439 1189 κτήσεως

318 1203 437 1266 τούτων
466 1202 617 1276 ἐξετάζειν
647 1203 684 1266 ού
715 1201 921 1291 βουλόμενος,
957 1202 1002 1266 ὅτι
1035 1201 1072 1286 δὴ
1107 1202 1141 1265 τὸ
1174 1203 1279 1289 δεσμιῦ
1313 1203 1470 1288 φύσεωςύ

319 1299 495 1383 γιγνόμενον
520 1300 577 1366 οῦκ
599 1300 636 1366 ἂν
650 1300 696 1386 εἴη
710 1300 907 1386 σωφροσύνη,
921 1301 988 1383 ἥτις
1002 1300 1111 1383 ἥκιστά
1122 1321 1157 1381 γε
1170 1299 1313 1384 έτέρωςῆ
1327 1306 1366 1384 τῇ
1378 1306 1436 1364 τῶν

319 1398 441 1479 ἡδονῶν
454 1397 626 1464 άντιστάσει
638 1397 828 1482 γνωρίζεται.
930 1397 1027 1460 δεῖται
1042 1397 1102 1482 ἄρα
1121 1402 1181 1461 τῶν
1194 1396 1436 1481 ἀνθισταμένων,

320 1493 371 1557 ἵνα
395 1495 557 1581 μαχομένη
579 1496 631 1559 καὶ
651 1499 808 1580 κρατοῦσα
833 1494 949 1558 τούτων
972 1494 1076 1579 ’κληθγῖ
1098 1497 1149 1559 καὶ
1169 1495 1294 1579 γένηται
1316 1517 1437 1582 σωφρο-

322 1591 408 1677 σύνη.
449 1593 674 1677 παραπλησίως
693 1593 799 1656 δὲκαὶ
819 1591 857 1654 τὰ
879 1590 971 1657 ἄλλα.
1021 1590 1050 1667 7,
1085 1593 1166 1656 ούτω
1180 1593 1218 1677 δὴ
1231 1593 1437 1660 κατεσκεύακε

320 1689 372 1752 τδν
394 1688 560 1774 ἄνθρωπον
584 1689 676 1775 φύσει
697 1690 751 1773 μὲν
772 1688 837 1753 οὔτ’
861 1689 979 1771 ἀγαθὸν
1003 1688 1073 1752 οὔτε
1092 1688 1196 1766 κακόν,
1219 1691 1382 1777 ἐπιτρέψας
1402 1691 1437 1756 δὲ
1455 1701 1488 1755 10

320 1791 365 1870 τῷ
389 1789 529 1874 λογισμῷ
547 1791 602 1851 τοῦ
624 1787 796 1872 κρείττονος
816 1786 870 1868 τὴν
890 1785 1015 1870 αἵρεσιν.
1060 1787 1087 1849 εἰ
1109 1786 1144 1850 δέ
1166 1775 1213 1850 τὀι
1235 1789 1304 1873 μήτ’
1319 1789 1435 1871 ἀγαθὸν

322 1887 399 1969 μήτε
411 1882 519 1965 κακόν,
540 1885 570 1947 τί
584 1883 621 1947 δν
643 1883 691 1968 εἴη
714 1885 821 1947 λοιπδν
842 1887 987 1966 ζητεῖται.
1010 1884 1179 1967 σκοπητέυν
1200 1887 1234 1948 τδ
1256 1885 1354 1970 βραχύ
1370 1909 1436 1949 παι·

322 1984 387 2046 δίον
409 1987 449 2066 τῇ
470 1988 532 2047 τῶν
555 1982 659 2068 άκρων
681 1981 837 2067 ἀναιρέσει
858 1978 1093 2064 γνωριζόμενον,
1115 1981 1197 2064 λέγω
1220 1982 1257 2066 δὴ
1280 1982 1348 2045 οὔτ’
1365 1983 1436 2064 ἀγα·

319 2080 377 2143 θδν
406 2079 478 2144 οῦτε
499 2079 606 2145 κακόν.
646 2082 666 2163 ὴ
695 2080 750 2162 μὲν
778 2079 837 2165 γδρ
862 2078 954 2142 οὐσία
983 2077 1093 2141 τούτου
1123 2079 1221 2162 καλή,
1249 2081 1283 2143 τδ
1307 2080 1347 2161 δι).Ι
1365 2079 1435 2144 κατ’

321 2179 432 2262 ἀρετὴν
452 2178 570 2261 ἀγαθὸν
599 2177 688 2241 οῦπω
709 2178 928 2263 προσειληφεν.
971 2176 1052 2240 οὕτω
1076 2177 1114 2260 δὴ
1134 2177 1185 2239 καὶ
1207 2178 1323 2262 χρυσὸς
1346 2176 1436 2263 φύσει
1455 2187 1488 2241 15

319 2275 432 2354 καλός,
462 2275 545 2361 λόγῳ
565 2277 600 2339 δέ
621 2275 732 2359 ἀρετῆς
751 2274 808 2337 ούκ
828 2272 956 2357 ἀγαθός,
979 2272 1100 2358 ἄψυχος
1120 2273 1173 2336 ὤν.
1204 2275 1269 2338 ’καὶ
1294 2274 1376 2338 λίθοι
1398 2275 1437 2338 τί·

321 2395 385 2456 μιυι
404 2373 628 2458 παραπλησίως
646 2372 698 2436 καὶ
718 2372 817 2434 πάντα
838 2371 875 2434 τὰ
897 2370 978 2448 ὄντα,
1001 2371 1127 2435 ἕκαστον
1150 2371 1228 2434 κατὰ
1251 2375 1284 2437 τδ
1306 2367 1383 2436 ίδιον
1406 2373 1437 2436 ἐν

321 2469 393 2555 όψει
414 2472 538 2540 κάλλος.
582 2470 661 2534 κατὰ
683 2470 722 2553 δὴ
750 2473 859 2532 τοῦτον
885 2470 936 2532 τὸν
960 2468 1052 2552 λόγον
1076 2470 1126 2533 καὶ
1148 2469 1321 2554 ἄνθρωπος,
1344 2474 1438 2540 καλδς

322 2569 377 2650 μέν
390 2569 441 2631 καὶ
461 2569 528 2631 λίαν
546 2570 642 2636 καλὸς
659 2567 795 2650 ούσίφτε
810 2567 862 2629 καὶ
876 2565 962 2652 αὐτῷ
978 2564 1022 2653 τῷ
1044 2566 1132 2644 εἶναι,
1151 2568 1184 2630 τδ
1209 2567 1244 2632 δὲ
1266 2567 1382 2650 άγαθδν
1404 2567 1437 2630 τδ

322 2665 373 2728 διὰ
397 2664 493 2748 μόνης
518 2665 630 2751 ἀρετῆς
651 2663 891 2749 προσγινόμενον
914 2663 1001 2750 πόνῳ
1021 2669 1143 2728 κτᾶται·
1187 2663 1226 2728 δι’
1252 2665 1268 2728 θ
1292 2665 1366 2734 θεὸς
1387 2662 1436 2728 ἐπ’
1454 2671 1490 2726 w

322 2760 409 2845 αύτιγῦ
436 2760 515 2825 εἶναι
541 2766 636 2825 τοῦτο
660 2762 838 2843 πεποίηκεν.
878 2761 907 2824 εἰ
931 2760 984 2824 οῦν
1007 2760 1106 2826 ἔδωκε
1134 2762 1188 2845 μὲν
1209 2764 1261 2846 τὴν
1285 2762 1438 2850 ἐξουσίαν,

322 2857 360 2920 οῦ
381 2858 598 2942 προεντέθεικε
617 2859 653 2922 δὲ
675 2863 715 2941 τγῙ
738 2858 830 2942 φύσει
850 2860 904 2941 τὴν
926 2863 1036 2940 γνῶσιν
1063 2859 1174 2941 ἀρετῆς
1194 2881 1227 2921 τε
1250 2860 1300 2922 καὶ
1321 2859 1438 2937 κακίας,

320 2957 437 3041 τυφλδν
459 2954 496 3018 δν
519 2953 624 3026 ἔδοξεν
642 2955 769 3041 ἡνίοχον
793 2955 919 3040 ἐφιστᾶν
942 2956 1053 3038 ἅρματι
1075 2955 1219 3039 όξυτοίτιμ.
1268 2957 1296 3019 εἰ
1318 2957 1353 3019 δὲ
1373 2956 1438 3040 ἅμα

323 3053 525 3139 συνεκέρασεν
547 3054 655 3139 ἄμφω,
678 3053 819 3124 ἐξουσίαν
841 3075 874 3115 τε
894 3055 970 3138 πρὸς
990 3057 1092 3136 κτῆσιν
1113 3057 1168 3115 τοῦ
1185 3054 1375 3134 καλ[λ]ίονυς
1388 3055 1438 3118 καὶ

320 3155 431 3233 γνῶσιν
460 3153 538 3236 πρδς
558 3152 705 3236 διάκρισιν
727 3151 779 3216 καὶ
796 3152 874 3234 πρδς
895 3151 1067 3236 ἀσφάλειαν
1088 3155 1142 3233 τῆς
1162 3148 1321 3234 αἱρέσεως,
1342 3153 1436 3238 τεχνί·
1454 3157 1489 3213 23

320 3269 375 3332 την
398 3249 453 3333 μὲν
477 3249 696 3333 προσανέδειξε
726 3249 778 3313 τδν
804 3247 931 3332 ἡνίοχον
953 3251 1037 3324 νοῦν,
1057 3247 1162 3311 ἐλάσει
1183 3247 1218 3310 δὲ
1242 3253 1323 3311 σῶον
1348 3247 1438 3318 οὗτος

320 3347 355 3409 τδ
378 3345 463 3432 ἅρμα
484 3349 539 3429 τῆς
557 3345 700 3432 φύσεως,
737 3344 770 3409 εί
787 3367 823 3428 γε
847 3346 889 3429 μὴ
915 3345 1057 3415 ὑπνώσας
1077 3344 1156 3408 κατὰ
1176 3345 1209 3408 τδ
1233 3346 1354 3409 στάδιον
1378 3346 1437 3409 ύπδ

321 3448 383 3506 τῶν
410 3444 532 3526 ἡδονῶν
558 3444 761 3531 ἀναβληθείη.
813 3441 845 3515 θ.
886 3442 976 3527 οὐσίᾳ
1001 3443 1054 3526 μὲν
1081 3445 1131 3508 καὶ
1162 3441 1254 3528 φύσει
1276 3442 1440 3527 ἄνθρωπος

320 3542 416 3608 καλδς
437 3544 480 3610 ύς
499 3540 624 3626 χρυσός,
648 3541 790 3610 ύςλιθος
809 3541 918 3624 τίμιος,
943 3543 985 3609 ῦς
1007 3539 1095 3625 ἔργον
1115 3541 1204 3617 θεοῦ,
1224 3539 1340 3622 ἀγαθὸς
1361 3541 1396 3603 δέ
1417 3539 1437 3623 ἢ

320 3637 495 3700 τούναντίον
525 3640 621 3707 κακδς
649 3637 808 3723 προθέσει.
846 3642 943 3700 ταῦτα
970 3637 1027 3722 γὰρ
1058 3638 1142 3724 αὐτῷ
1173 3638 1355 3721 παράκειται
1381 3638 1435 3720 μὲν
1454 3647 1490 3702 30

322 3738 365 3803 ὥς
386 3733 565 3819 πραχθῆναι
589 3736 760 3818 δυνάμενα·
785 3733 957 3817 ποιότητές.
970 3736 1044 3797 εἰσιν
1066 3734 1340 3820 έπισομβαίνουσαι
1362 3733 1439 3798 κατὰ

321 3831 376 3916 τὴν
400 3830 596 3915 ἐγγινομένην
623 3832 746 3915 ἀγωγὴν
772 3832 824 3894 καὶ
853 3835 907 3913 τῆς
934 3832 1115 3916 προθέσεως
1146 3833 1276 3918 αἵρεσιν,
1320 3837 1363 3902 ιθς
1384 3833 1438 3916 τὴν

320 3930 440 4008 κακίαν,
468 3929 500 3992 έν
522 3927 632 4013 πράξει
655 3927 748 4012 μόνον
769 3926 999 4011 συνισταμένην,
1024 3932 1091 4014 πρὶν
1109 3929 1286 4016 πραχθῆναι
1308 3931 1348 4013 μὴ
1366 3929 1437 4015 ύφε·

322 4030 438 4092 στάναι.
474 4026 615 4097 ἐξουσίαν
638 4024 742 4110 μέντοι
763 4023 830 4110 ἔχει
852 4024 962 4094 κακίας
982 4027 998 4089 ό
1021 4026 1185 4112 ἄνθρωπος
1196 4031 1250 4109 τῆς
1261 4027 1439 4112 πραχθῆναι

322 4125 503 4209 δυναμένης,
525 4124 586 4209 ούχ
607 4123 660 4187 ίνα
676 4124 777 4208 πράξῃ
799 4123 923 4206 ταύτην,
954 4123 1023 4186 ἀλλ’
1046 4122 1094 4185 ἵνα
1116 4123 1157 4206 μὴ
1179 4121 1296 4205 πράξας
1317 4123 1438 4210 ἄριστος
1454 4137 1489 4192 3ο

322 4220 505 4306 άναδειχθῇ.
540 4221 569 4284 εί
588 4221 646 4306 γὰρ
665 4227 756 4285 τοῦτο
774 4222 916 4305 πράττειν
935 4222 989 4304 τὴν
1004 4220 1142 4292 ἐξουσίαν
1160 4219 1216 4284 ούκ
1230 4219 1306 4305 εἶχε,
1321 4221 1437 4306 φθόνον

322 4315 360 4380 ἂν
382 4313 486 4384 ἔδοξεν
507 4317 632 4403 ὑπέχειν
653 4323 709 4382 τοῦ
731 4319 920 4402 δημιουργοῦ
943 4319 1020 4402 πρδς
1042 4316 1188 4397 ἐμπόδιον
1208 4317 1439 4401 εῦδοκιμήσεως

323 4414 376 4477 καὶ
394 4413 471 4496 πρδς
500 4414 640 4499 στέρησιν
669 4413 939 4497 ἐλευθεριότητος,
963 4419 1005 4483 ύνς
1023 4415 1080 4478 ούκ
1103 4412 1185 4499 έχων
1207 4412 1257 4499 ἐφ’
1283 4415 1385 4500 ἑαυτῷ
1403 4419 1437 4482 τδ

321 4510 466 4596 γενέσθαι
488 4509 617 4594 ἀγαθός,
640 4514 684 4579 ὡς
703 4512 738 4574 τδ
761 4511 873 4574 δοκοῦν
888 4509 1093 4595 μειυνέκτημα
1107 4510 1316 4595 ἀληθέστατον
1330 4515 1438 4600 τυγχά·
