3517 5434
863 657 905 718 ⁵⁵
1282 673 1443 734 ειν-ιτ.

328 819 521 903 ἐζημιῶσθαι
552 821 604 884 καὶ
634 821 776 904 μεγίστης
807 820 1039 906 εόδοκιμήσεως
1073 823 1300 890 ἐκπεπτωκέναι
1331 829 1444 909 δοκεῖν,

329 915 414 999 εἴπερ
438 916 489 980 διδ
511 922 601 980 τοῦτο
626 918 732 1001 δοκοίη
753 921 938 1004 κακουργίας
959 922 1000 1004 μὴ
1024 921 1185 998 ἅπτεσθαι,
1210 921 1255 985 ότι
1277 924 1317 1007 μὴ
1340 924 1378 987 δι’
1400 926 1442 988 ῶν

328 1013 363 1078 ἀν
394 1015 535 1098 δράσειεν
566 1014 749 1098 εὐπόρησεν.
789 1017 823 1079 τδ
851 1016 908 1100 γὰρ
935 1020 1093 1087 παντελῶς
1117 1017 1270 1104 ἄπρακτον
1295 1021 1386 1106 ἀργόν
1410 1045 1443 1086 τε
1553 1033 1560 1068 ¹

327 1113 378 1176 καί
404 1111 525 1181 ἄδοξον.
568 1112 637 1175 ἀλλ’
663 1109 739 1197 δρα,
771 1116 896 1199 φήσειεν
921 1113 975 1193 ἀν,
1003 1118 1036 1180 τδ
1060 1117 1239 1202 ἀποβαῖνον.
1274 1120 1325 1182 καὶ
1348 1119 1443 1184 πλέον

328 1209 418 1272 οῦδὲν
446 1213 501 1272 τοῦ
530 1209 697 1292 ἀναγκαίου
727 1212 895 1296 συμβαίνει.
940 1210 1072 1280 θάνατος
1099 1213 1156 1297 γὰρ
1189 1213 1225 1276 οῦ
1250 1215 1299 1278 διὰ
1322 1216 1477 1301 ιρονέωςῦ

328 1307 462 1390 εῦρηται,
485 1306 663 1391 ἀλλὰπρὸς
681 1315 735 1372 τοῦ
759 1311 948 1392 δημιουργοῦ
970 1310 1218 1394 νενομοθέτηται,
1241 1313 1292 1374 καὶ
1315 1312 1379 1396 είγε
1402 1337 1445 1383 τις

329 1405 496 1475 σπουδάζει
524 1405 647 1490 σίδηρον
673 1407 724 1469 καὶ
756 1406 845 1476 ξόλον
868 1406 920 1468 καὶ
943 1406 1046 1484 λίθον,
1075 1413 1135 1491 πῦρ
1158 1431 1191 1471 τε
1215 1410 1266 1472 καί
1289 1410 1372 1494 ῦδωρ
1393 1413 1444 1474 καὶ

328 1501 519 1566 τὰτοιαῦτα
547 1505 590 1570 ῶς
615 1503 768 1567 κακοποιά
795 1503 962 1585 διελέγξαι,
992 1508 1052 1567 τῶν
1078 1505 1245 1589 ἐργαλείων
1267 1507 1321 1591 τὴν
1345 1509 1444 1593 ἀρχὴν

328 1598 494 1683 ἀφέμενος,
513 1598 605 1683 μόνον
617 1601 652 1664 τδ
668 1600 836 1685 ἀποβαῖνον
854 1601 952 1683 (λέγω
968 1602 1005 1684 δὴ
1023 1603 1073 1666 τδν
1090 1601 1237 1684 θάνατον)
1258 1605 1443 1690 διελεγχέτω

327 1698 379 1760 καὶ
407 1696 552 1760 δεικνύτω
580 1702 688 1762 τοῦτον
712 1697 749 1759 υό
771 1696 849 1760 κατά
870 1697 961 1778 λόγον
987 1698 1156 1782 ὡρισμένον
1180 1701 1257 1783 πρὸς
1278 1706 1333 1765 τοῦ
1357 1704 1442 1786 δημι-
1463 1715 1496 1769 10

329 1797 456 1877 ουργοῦ,
475 1794 527 1856 καὶ
547 1794 646 1863 υῦτως
666 1795 793 1858 ῦστατον
814 1794 894 1858 κακὰ
906 1795 1162 1879 προσαγορευέιω
1177 1795 1214 1860 τδ
1226 1804 1329 1868 κακῶς
1347 1822 1445 1862 συναι-

329 1891 482 1975 ρυόμενα·
507 1892 535 1956 εί
557 1891 593 1954 δὲ
614 1893 747 1960 θάνατος
770 1891 820 1954 ὑπ’
844 1891 971 1959 οὐδενὸς
992 1892 1190 1977 ἀναδειχθείη
1212 1895 1354 1979 πονηρός,
1377 1895 1444 1958 τοῦ·

328 1991 445 2052 ναντίυν
477 1990 531 2072 μὲν
563 1987 617 2053 οῦν
647 1983 707 2069 (ῶς
729 1988 780 2052 διά
801 1991 926 2052 πολλῶν
953 1987 1118 2069 δέδεικται)
1149 1991 1200 2052 καὶ
1228 1991 1387 2076 ὠφέλιμός
1410 2015 1445 2076 γε

327 2089 481 2172 τυγχάνει,
500 2092 566 2156 πῶς
588 2086 625 2150 οῦ
647 2088 796 2174 παρέλκει
816 2086 854 2151 τὰ
877 2085 917 2148 δι’
943 2085 985 2146 ῶν
1006 2083 1042 2148 ἂν
1057 2086 1190 2171 συμβαίη
1215 2087 1356 2166 θάνατος,
1376 2090 1443 2152 ποό-

328 2208 388 2249 των
423 2189 466 2254 ῶς
498 2189 601 2250 κακῶν
633 2185 725 2270 φύσει
757 2187 957 2270 κατηγορεῖν,
994 2183 1051 2246 οῦκ
1085 2181 1212 2247 εἰδότων
1248 2187 1302 2269 μὲν
1336 2186 1388 2272 ἐφ’
1425 2187 1495 2251 815

328 2284 493 2346 σαλεόεται
517 2285 594 2366 πρδς
621 2282 729 2367 ἑτέρου
758 2280 982 2369 ᾧπαρεδόθη,
1011 2282 1112 2364 πάσης
1135 2278 1163 2342 δ’
1189 2281 1286 2351 αἰτίας
1307 2284 1443 2368 ἀπηλλα·

327 2379 458 2465 γμένων,
484 2380 554 2445 δέον
575 2382 627 2444 τὸν
647 2385 788 2445 κινοῦντα
809 2380 902 2464 μόνον
928 2378 1005 2442 αὐτὰ
1019 2378 1069 2442 ότε
1093 2378 1134 2461 μὴ
1147 2383 1312 2462 προσῆκεν,
1326 2379 1443 2465 ἀνθρω-

327 2503 396 2560 πον,
425 2479 589 2544 αἰτιᾶσθαι.
645 2475 700 2550 40,
739 2480 821 2543 οὕτω
852 2477 910 2562 γάρ
939 2479 1015 2562 πρὸς
1047 2475 1196 2559 ἀλήθειαν
1227 2477 1445 2541 ἀποδέδεικται

329 2578 424 2660 μηδὲν
455 2578 509 2660 μὲν
539 2582 597 2640 τῶν
626 2576 703 2640 κατὰ
732 2577 785 2659 τὴν
816 2575 1015 2660 δημιουργίαν
1046 2572 1124 2638 εἶναι
1146 2574 1259 2652 κακόν,
1290 2575 1382 2660 μόνον
1410 2575 1445 2638 δὲ

328 2677 378 2739 πδν
400 2675 591 2759 ἀνθρώπινον
615 2675 760 2758 λογισμὸν
786 2673 925 2742 ἐξουσίαν
948 2672 1121 2754 ἀναγκαίως
1144 2673 1340 2758 λαμβάνοντα
1363 2671 1442 2736 ἔστιν
1460 2683 1496 2738 w

330 2772 382 2835 ότε
401 2775 603 2856 πλημμελεῖν,
625 2773 866 2855 πλημμελοῦντα
887 2771 922 2832 δὲ
945 2769 1159 2855 διελέγχεσθαι
1180 2768 1284 2852 μόνον,
1306 2769 1352 2832 ότι
1372 2792 1444 2854 προ·

328 2870 470 2952 τετίμηκε
500 2870 534 2932 τδ
563 2873 684 2954 χεῖρον,
719 2868 814 2951 μηδὲν
844 2867 879 2930 δὲ
906 2865 984 2928 κατὰ
1011 2870 1064 2948 τῆς
1098 2865 1222 2950 φύσεως
1251 2872 1443 2950 καινοτομεῖν

330 2966 480 3030 δόνασθαι
508 2968 588 3051 μηδὲ
613 2965 650 3029 τά
676 2965 741 3029 ἀνω
757 2963 855 3037 ’κάτω
880 2963 928 3026 ἐπ’
952 2962 1036 3047 αὐτῷ
1058 2961 1136 3026 εἶναι
1158 2967 1275 3038 ποιεῖν,
1307 2963 1387 3026 ἀλλὰ
1409 2967 1443 3028 τδ

329 3063 407 3126 κατὰ
432 3064 522 3149 φύσιν
552 3063 644 3147 μόνον
676 3065 767 3148 δρᾶν,
797 3057 852 3145 κᾷν
879 3060 964 3145 παρὰ
990 3062 1080 3141 λόγον
1108 3064 1314 3144 κατηγορῆται
1334 3065 1444 3140 ποιεῖν,
1517 3109 1520 3116 .

329 3161 395 3224 οἷον
423 3160 518 3247 φόνος
545 3162 678 3226 θάνατον
707 3161 758 3222 τδν
786 3157 865 3222 κατά
893 3157 982 3241 φῦσιν
1014 3157 1190 3241 ἐργάζεται,
1227 3157 1318 3221 οὐδὲν
1348 3158 1443 3222 πλέον
1460 3171 1495 3224 25

328 3264 426 3323 ποιῶν
453 3266 508 3325 τοῦ
537 3259 616 3325 κατά
644 3258 734 3343 φῦσιν
758 3281 778 3340 η
802 3256 875 3319 ὅσον
900 3255 1021 3338 ἐλέγξαι
1043 3257 1093 3318 τὸν
1118 3255 1287 3338 δράσαντα·
1320 3256 1445 3340 μοιχεία

329 3356 419 3428 αὖθις
437 3359 489 3422 καὶ
507 3357 545 3421 τά
564 3363 691 3422 τοιαῦτα
708 3360 753 3441 τῷ
770 3352 941 3438 παραλόγῳ
962 3351 1054 3436 μόνον
1076 3358 1131 3416 τοῦ
1151 3355 1299 3435 λογισμοῦ
1318 3374 1445 3435 κατηγυ-

330 3461 437 3540 ρεῖται,
458 3455 537 3519 κατά
556 3455 591 3518 δέ
611 3459 665 3537 τῆς
687 3454 811 3538 φύσεως
830 3455 885 3534 τῆς
905 3449 1077 3536 ὡρισμένης
1098 3451 1156 3514 ὑπὸ
1176 3453 1230 3512 τοῦ
1257 3450 1445 3533 δημιουργοῦ

329 3556 521 3637 καινοτομεῖν
542 3555 701 3620 παντελῶς
724 3551 815 3614 οῦδὲν
839 3549 976 3628 δύναται,
1001 3551 1043 3617 ῶς
1068 3546 1265 3630 ἀπαράβατον
1291 3546 1345 3629 μὲν
1368 3545 1449 3608 εἷναί

329 3673 363 3714 τε
391 3652 443 3714 καὶ
469 3649 569 3734 μένειν
596 3650 648 3712 τδν
677 3646 771 3731 νόμον
798 3652 852 3710 τοῦ
880 3647 934 3729 τὴν
965 3645 1054 3731 ιρόσιν
1080 3645 1376 3727 δημιουργήσαντος,
1412 3642 1443 3706 ἐν
1461 3654 1497 3708 30

331 3747 436 3815 αὐτοῖς
457 3745 492 3809 δέ
511 3769 571 3810 που
594 3749 657 3815 τοῖς
676 3745 754 3809 κατὰ
777 3744 866 3830 φῦσιν
888 3742 1074 3828 στρέφεσθαι
1096 3741 1133 3804 τὰ
1154 3741 1368 3826 ἁμαρτήματα,
1392 3765 1445 3826 μη·

332 3846 439 3929 δεμίαν
469 3843 671 3927 ἐπεισάγοντα
696 3841 871 3927 καινότητα,
901 3843 920 3925 ἢ
944 3841 989 3904 ότι
1012 3839 1103 3923 μόνον
1127 3839 1178 3902 τδν
1198 3839 1367 3923 πρέποντα
1388 3839 1445 3902 διε-

331 3943 436 4028 λέγχει
455 3939 565 4006 ἑκόντα
586 3942 838 4024 πλημμελοῦντα,
865 3944 908 4008 ῶς
930 3938 987 4001 οὐκ
1009 3936 1044 4002 ἀν
1068 3936 1181 4019 ἑτέρως
1204 3934 1372 4020 δυνηθέντα
1394 3958 1445 3998 κα-

331 4039 481 4124 τορθοῦν,
510 4037 538 4100 εί
566 4037 608 4120 μὴ
633 4038 684 4100 καὶ
710 4039 743 4101 τό
775 4061 810 4121 γε
840 4035 974 4100 ἐναντίον
999 4033 1081 4118 εἶχεν
1108 4033 1159 4117 ἐφ’
1182 4029 1301 4117 έαυτηῖ,
1333 4029 1368 4094 οῦ
1392 4031 1445 4116 τὴν

333 4136 472 4202 έκυέσιυν
496 4137 659 4220 ἀποφυγὴν
678 4138 755 4220 πρὸς
774 4136 885 4219 ἀρετῖγς
905 4137 1006 4214 κτῆσιν
1028 4129 1104 4216 ἔχει.
1146 4129 1257 4193 οὐκοῦν
1278 4129 1447 4213 ἀκροτάτης
1462 4140 1497 4196 35

333 4233 438 4300 ἀνοίας
460 4231 549 4317 ἔργον
571 4234 667 4317 μάτην
690 4233 814 4317 σίδηρον
835 4234 855 4316 ἢ
881 4231 970 4303 ξόλον
991 4228 1012 4314 ἥ
1035 4234 1142 4292 τιτῶν
1167 4226 1269 4290 ἀλλων
1293 4224 1448 4288 αἰτιᾶσθαι

333 4329 384 4394 καὶ
406 4331 448 4415 μὴ
467 4331 518 4393 τὸν
540 4333 701 4415 χριόμενον
723 4330 919 4414 παραλόγως.
960 4325 1012 4399 47.
1039 4328 1067 4392 εί
1087 4327 1122 4389 δέ
1146 4347 1188 4393 τις
1211 4322 1327 4405 ζητοίη,
1351 4321 1402 4386 διά
1420 4322 1451 4385 τί

334 4426 501 4512 ρσνεόεταί
521 4449 556 4508 γε
577 4428 758 4510 ἅνθρωπος,
785 4424 874 4495 αὖθις
894 4427 948 4510 μὲν
971 4426 1126 4509 εἰρήσεται
1144 4423 1177 4485 τδ
1197 4420 1344 4488 πολλάκις
1366 4421 1447 4484 λελε-

334 4524 444 4610 γμένον
467 4525 502 4590 τδ
524 4523 584 4588 Διά
602 4523 633 4586 τί
650 4520 703 4586 σόν
728 4523 812 4593 όλως
833 4526 851 4588 ό
872 4522 1036 4606 ἄνθρωπος
1058 4518 1309 4602 ἀποθνήσκεις-
1325 4515 1400 4600 ὅπερ
1420 4518 1449 4582 εἰ
