3517 5434
865 668 906 731 86

329 837 380 900 καὶ
401 837 435 898 τὸ
457 836 666 921 γεγραμμένον
685 834 769 920 παρὰ
794 840 847 898 τοῦ
867 835 964 898 Δαυὶδ
990 833 1091 911 ,εἶπεν
1120 837 1136 897 6
1159 832 1262 916 κύριος
1287 838 1330 918 τῷ
1348 835 1446 918 κυρίιρ

331 954 390 1016 μου
413 929 523 995 Κάθου
546 933 581 994 ἐκ
604 933 710 1002 δεξιῶν
733 957 809 1016 μου,
838 933 900 1000 ἕως
919 930 954 994 ἂν
977 931 1024 994 θῶ
1047 931 1117 999 τοὺς
1139 929 1272 1014 ἐχθρούς
1294 954 1348 994 σου
1373 933 1446 994 ὑπο-

329 1030 437 1093 πόδιον
462 1035 522 1093 τῶν
543 1031 647 1092 ποδῶν
672 1038 759 1092 σου“.
804 1032 832 1099 εἰ
855 1028 908 1092 οὖν
934 1032 950 1092 6
974 1029 1068 1112 νόμος
1091 1029 1189 1097 οὕτως
1213 1029 1368 1114 ήκρίβωσε
1390 1029 1446 1110 τὴν

330 1127 429 1211 ἄφιξιν
453 1134 507 1191 τοῦ
532 1130 599 1191 υἱοῦ
623 1130 673 1191 καὶ
697 1128 851 1212 μακρόθεν
874 1129 1085 1212 προήγγειλεν,
1111 1125 1212 1190 οὐκέτι
1236 1127 1446 1211 διαβάλλεται,

296 1244 314 1298 5
332 1225 433 1288 οὐκέτι
454 1224 541 1309 ἄλλῳ
562 1228 803 1310 προσγράφεται,
827 1227 843 1288 6
865 1226 1014 1309 γεννήσας
1035 1225 1258 1310 προελάλησεν,
1283 1224 1299 1285 6
1320 1223 1446 1308 βουλευ-

332 1323 465 1406 σάμενος
483 1323 566 1407 λύγιρ
584 1322 741 1409 προέλαβε
759 1321 796 1384 τὰ
814 1324 988 1405 πράγματα,
1009 1321 1082 1390 θεὸς
1102 1319 1255 1403 ἐγέννησε,
1275 1320 1348 1388 θεὸς
1364 1318 1448 1401 λέγει

334 1419 417 1498 ,οίύς
438 1444 498 1502 μου
520 1420 550 1482 εἴ
571 1421 626 1495 σύ,
658 1419 720 1498 ἐγὼ
744 1421 877 1502 σήμερον
899 1419 1065 1502 γεγέννηκά
1090 1425 1156 1492 σε“,
1185 1417 1257 1487 θεὸς
1275 1417 1446 1492 ἀπέστειλε,

331 1517 404 1600 θεὸς
432 1518 482 1580 διὰ
500 1515 643 1583 Μωσέως
666 1517 800 1599 ἐλάλησε
823 1517 1003 1600 ,προφήτην
1029 1517 1097 1597 ὑμῖν
1121 1517 1286 1600 ἀναστήσει
1304 1515 1408 1598 κύριος
1429 1517 1446 1578 6

331 1614 404 1682 θεδς
429 1615 545 1676 ἐκτῶν
567 1614 713 1698 ἀδελφῶν
735 1615 838 1696 ὑμῶν,
866 1613 961 1678 αὐτοῦ
983 1613 1156 1678 ἀκούσεσθε
1177 1615 1275 1678 πάντα
1303 1614 1362 1698 ὅσα
1392 1613 1445 1676 ἐὰν

282 1727 316 1780 10
333 1713 454 1795 λαλήση
482 1711 582 1793 ὑμῖν“.
627 1711 739 1780 δθεδς
757 1710 964 1796 ἐβουλεύσατο
991 1711 1042 1772 καὶ
1069 1713 1084 1774 6
1115 1712 1361 1797 βουλευσάμενος
1390 1711 1448 1774 οίικ

333 1809 505 1891 ἐσιώπησε,
534 1810 587 1892 τὴν
620 1808 735 1894 βουλήν
765 1809 978 1892 προεμήνυσε,
1011 1808 1107 1870 πίστιν
1138 1809 1274 1893 ἐμποιῶν
1306 1806 1356 1870 διὰ
1386 1810 1445 1868 τῶν

331 1901 599 1990 προμηνυθέντων.
635 1909 794 1983 ,καλεῖται
812 1904 919 1988 (φησί)
941 1905 997 1990 γὰρ
1018 1905 1051 1968 τὸ
1076 1903 1174 1987 ὄνομα
1197 1905 1291 1968 αὐτοῦ
1314 1905 1448 1988 μεγάλης

285 2047 289 2050 -
333 2004 447 2088 βουλῆς
469 2002 611 2085 ἄγγελος,
639 2006 817 2086 θαυμαστὸς
839 2003 1031 2088 σύμβουλος,
1060 2002 1164 2087 ἄρχων
1186 2003 1323 2086 εἰρήνης,
1346 2003 1446 2085 πατὴρ

331 2106 385 2164 τοῦ
413 2099 579 2183 μέλλοντος
605 2105 746 2172 αἰῶνος“.
795 2102 846 2164 καὶ
872 2106 1010 2169 τοιοῦτος
1033 2102 1087 2184 μὲν
1113 2101 1287 2168 ὁτοιοότος
1306 2097 1445 2183 ἔλεγχος.

282 2209 315 2265 15
334 2199 441 2281 ἐπειδὴ
468 2199 504 2260 δὲ
531 2206 575 2283 τῷ
604 2205 731 2284 πονηρῷ
758 2199 991 2284 προσγράφουσι
1015 2200 1066 2262 τὸν
1094 2197 1204 2281 νόμον,
1234 2197 1264 2260 τί
1286 2198 1447 2282 φήσουσιν,

332 2296 384 2359 ἐάν
406 2318 450 2364 τις
470 2295 571 2358 αὐτῶν
593 2297 758 2381 πεύσηται,
787 2299 815 2360 εί
841 2299 857 2360 6
879 2298 1014 2378 πονηρὸς
1034 2296 1153 2380 πονηρὰ
1172 2299 1318 2379 παραινεῖ
1338 2295 1388 2358 καὶ
1409 2295 1447 2358 οὐ

332 2392 459 2456 δύναται
479 2393 520 2475 μὴ
541 2399 698 2476 παραινεῖν
720 2395 851 2477 πονηρά,
873 2392 996 2455 εἴποτε
1019 2394 1069 2456 καὶ
1092 2391 1173 2455 καλὰ
1195 2392 1374 2476 παραινέσει
1397 2393 1449 2456 καὶ

333 2488 436 2571 ἀγαθὰ
467 2489 708 2575 συμβουλεύσεις
737 2492 764 2552 εἰ
790 2491 844 2573 μέν
864 2489 922 2574 γὰρ
947 2489 1067 2572 ἐροῦσιν
1090 2490 1135 2554 ὅτι
1154 2489 1273 2576 πέφυκε
1292 2491 1372 2553 καλὰ
1392 2513 1448 2554 πα-

334 2591 446 2669 ραινεῖν
466 2587 517 2648 καὶ
537 2587 640 2668 ἀγαθά
663 2586 896 2673 συμβουλεύειν,
919 2585 1027 2648 λύουσι
1050 2587 1139 2650 πάλιν
1162 2588 1211 2649 τὸν
1227 2588 1344 2650 ἑαυτῶν
1361 2587 1448 2670 ὅρον·

281 2696 317 2750 υθ
335 2682 437 2746 οὐκέτι
457 2681 515 2768 γὰρ
540 2685 673 2768 πονηρὸς
696 2686 712 2748 6
737 2685 779 2768 μὴ
799 2682 920 2767 πονηρὰ
943 2686 1116 2766 παραινῶν,
1148 2673 1249 2748 οὐκέτι
1270 2685 1404 2768 πονηρὸς
1431 2687 1448 2748 6

334 2781 437 2863 ἀγαθὰ
469 2781 701 2867 συμβουλεύων.
752 2784 779 2846 εἰ
811 2783 846 2845 δέ
876 2781 1008 2864 οὐδεμία
1042 2783 1218 2866 προαίρεσις
1249 2783 1351 2866 ἀγαθὴ
1386 2782 1448 2844 ἀπὸ

332 2884 469 2964 πονηροῦ
495 2878 698 2963 προέρχεται,
730 2881 820 2949 ποίας
847 2880 962 2950 τάξεως
985 2879 1105 2963 ἐροῦσιν
1130 2879 1247 2948 ἐκείνας
1267 2880 1320 2950 τὰς
1340 2901 1449 2962 παραι-

334 2976 433 3045 νέσεις
456 2976 512 3054 ,ού
533 2977 727 3061 πορνεύσεις,
759 2977 796 3042 οὐ
820 2978 1011 3063 μοιχεύσεις,
1044 2976 1245 3062 οἶν-κλέψεις,
1277 2978 1314 3042 οὐ
1338 2977 1449 3062 ψευδο·

334 3075 572 3158 μαρτυρήσεις“;
594 3075 685 3143 ποίας
707 3077 822 3146 τάξεως
843 3077 963 3158 ἐροῦσιν
985 3075 1084 3138 ἐκεῖνο
1101 3077 1134 3138 τδ
1151 3075 1363 3160 γεγραμμένον
1390 3074 1448 3150 ,οὐ

282 3183 317 3238 25
335 3173 473 3254 ποιήσεις
497 3177 618 3255 σεαυτῷ
638 3171 772 3248 εἴδωλα,
802 3172 839 3235 οὐ
857 3175 970 3242 παντὸς
991 3173 1151 3256 ὁμοίωμα,
1173 3173 1244 3239 οὔτε
1267 3173 1325 3238 ὅσα
1348 3173 1378 3236 ἐν
1405 3179 1451 3257 τῷ

285 3337 289 3342 ,
334 3269 459 3353 οὐρανῷ
479 3267 551 3330 οὔτε
573 3269 633 3333 ὅσα
656 3269 688 3331 ἐν
711 3280 748 3352 τη
770 3275 811 3355 γη
833 3269 905 3334 οὔτε
928 3271 987 3334 ὅσα
1012 3271 1044 3334 ἐν
1066 3275 1129 3339 τοῖς
1146 3271 1271 3347 θδασι“;
1292 3271 1382 3338 ποίας
1399 3292 1450 3352 με·

333 3368 418 3450 ρίδος
445 3367 580 3452 φήσουσι
599 3366 636 3429 τὰ
656 3370 875 3451 προστάγματα
904 3369 981 3444 ,οὐκ
1003 3368 1203 3452 ἐπιθυμήσεις
1224 3375 1278 3432 τοῦ
1302 3369 1375 3455 βοὸς
1394 3371 1449 3430 τοῦ

333 3467 473 3548 ἀδελφοῦ
496 3486 551 3526 σου
565 3463 585 3547 6
599 3471 653 3529 τοῦ
669 3465 833 3546 ὑποζυγίου
852 3465 871 3548 6
895 3469 948 3545 τῆς
964 3469 1105 3546 γυναικὸς
1121 3467 1140 3550 6
1157 3469 1269 3536 παντὸς
1285 3467 1431 3550 κτήνους“
1441 3491 1451 3541 3

335 3564 362 3626 εἰ
394 3562 448 3644 μὲν
475 3561 533 3646 γὰρ
565 3562 662 3646 σεμνὰ
686 3563 737 3624 καὶ
758 3562 830 3623 θεῖα
854 3563 906 3624 καὶ
929 3561 1060 3646 ἐράσμια
1083 3561 1266 3626 τὰτοιαῦτα
1289 3566 1451 3649 φήσουσιν,

283 3673 318 3728 30
335 3659 575 3745 ἐντραπήσονται
597 3660 655 3722 ὑπὸ
675 3662 734 3721 τῶν
747 3658 968 3742 παραινέσεων,
992 3661 1024 3723 τὸ
1049 3660 1180 3742 μέγεθος
1202 3666 1255 3724 τοῦ
1279 3661 1450 3746 συμβεβου-

335 3754 481 3823 λευκύτος
506 3753 706 3838 η’γνοηκότες·
740 3758 768 3819 εί
795 3757 829 3820 δὲ
853 3760 959 3842 φαῦλα
983 3757 1060 3820 αὐτὰ
1085 3756 1190 3841 ἐροῦσι
1212 3761 1262 3822 καὶ
1289 3759 1450 3844 διαβεβλη-

336 3852 413 3938 μένα
443 3853 493 3914 καλ
521 3851 640 3942 φαδλύν
662 3853 726 3915 ἐστι
744 3855 778 3917 τὸ
802 3855 843 3938 μὴ
864 3855 1023 3939 πορνεύειν
1045 3856 1095 3918 καὶ
1119 3856 1237 3940 φαῦλόν
1263 3857 1326 3920 ἐστι
1347 3859 1381 3920 τὸ
1407 3856 1449 3938 μὴ

335 3951 494 4034 ἐπιθυμεῖν
521 3949 689 4034 ἀλλοτρίων
723 3955 775 4019 καὶ
804 3955 932 4016 τοιαῦτά
960 3953 1023 4016 ἐστι
1048 3952 1084 4016 τὰ
1111 3955 1233 4038 φαῦλα,
1266 3954 1374 4018 σκόπει
1398 3955 1450 4018 οἷα

334 4050 497 4132 νοήσουσιν
526 4046 783 4127 ἀγαθά,,σκύπει
809 4049 854 4114 ὅτι
880 4051 1061 4134 προαγωγοί
1088 4053 1146 4114 εἰσι
1173 4054 1232 4112 τῶν
1256 4051 1377 4133 ἡδονῶν
1398 4053 1450 4116 καὶ

283 4157 318 4210 ³5
335 4144 477 4228 πρόξενοι
503 4148 563 4206 τῶν
592 4145 731 4210 εἰδώλων
756 4149 808 4211 καί
835 4149 965 4231 αἰσχρᾶς
987 4147 1150 4230 ἐπιθυμίας
1171 4149 1303 4231 εύρεταί.
1342 4151 1371 4212 σί
1391 4150 1449 4234 γὰρ

334 4244 386 4306 τὸν
396 4241 490 4324 νόμον
503 4243 719 4327 διαβάλλοντες
731 4245 806 4329 ὑπὲρ
821 4245 950 4328 ἀνομίας
960 4245 1220 4331 πρεσβεύουσι[ν].
1248 4247 1278 4310 οἱ
1289 4249 1340 4310 τὸν
1353 4246 1449 4330 νόμον

335 4339 386 4402 τὸν
413 4337 467 4406 τὰς
493 4339 607 4423 ἡδονὰς
634 4341 834 4426 ἀναιροῦντα,
863 4345 914 4410 τὸν
943 4344 996 4427 τήν
1020 4343 1137 4426 ἀπάτην
1161 4344 1368 4422 καταλύοντα,
1397 4347 1449 4408 τὸν

335 4437 574 4521 δεισιδαιμονίαν
597 4443 805 4524 καταργούντα
827 4441 1088 4526 ἐξοστρακίζοντες
1110 4443 1141 4504 τί
1160 4441 1264 4526 ἕτερον
1286 4441 1305 4524 6
1330 4441 1449 4504 εἰσοικί-

336 4537 423 4606 ζοοσι
444 4533 498 4605 τὰς
524 4537 638 4621 ἡδονὰς
662 4538 713 4602 καὶ
734 4538 914 4625 εἰσφέρουσι
935 4539 989 4608 τὰς
1011 4538 1188 4623 ἐπιθυμίαςγ
1219 4538 1267 4604 ἵνα
1294 4539 1329 4604 δὲ
1350 4539 1448 4622 ἡδονὴ
