3517 5434
893 669 935 730 80

355 832 557 917 πεποιηκότες
594 837 661 902 ταῖς
694 833 784 903 ἐδίαις
815 835 991 920 βουλήσεσι.
1046 837 1149 918 μεῖζον
1181 833 1239 919 γὰρ
1270 837 1330 898 τῶν
1364 833 1470 900 ἀλλων

355 932 520 1016 ήτιμάκασι
541 931 578 994 τὰ
601 930 775 1014 εύαγγέλια.
817 932 846 994 οἱ
870 931 1004 1018 μὲνγὰρ
1025 932 1061 996 ού
1085 931 1227 1016 δέχονται
1245 932 1296 995 καλ
1317 931 1358 1014 μή
1380 930 1469 1016 δεχό-

356 1051 444 1112 μενοι
465 1028 503 1092 ού
527 1020 777 1113 διαφθείρουσιν,
805 1028 887 1092 ἀλλὰ
917 1028 1009 1112 μόνον
1035 1030 1246 1109 ἀποσείονται,
1277 1029 1313 1093 οὐ
1339 1028 1470 1112 μήνκαὶ

355 1125 560 1210 ἐμβατεύουσι
580 1130 643 1195 τοῖς
660 1128 871 1210 γράμμασι[ν],
897 1129 926 1191 οἱ
947 1127 981 1190 δὲ
1001 1127 1161 1214 εἰληφέναι
1184 1129 1346 1196 δοκοῦντες
1366 1127 1469 1212 ἐνεβά-

320 1231 477 1299 δτευσαν,
503 1223 718 1309 ἐνεχόρευσαν,
742 1225 992 1309 ἐνεκαπήλευσαν
1015 1231 1078 1294 τοῖς
1097 1227 1265 1310 γράμμασι,
1286 1226 1337 1288 καὶ
1349 1226 1468 1308 γοήτων

355 1319 430 1406 ἔργα
460 1322 512 1385 καὶ
546 1327 689 1406 πονηρῶν
726 1323 919 1407 δεδράκασιν.
972 1323 1084 1388 ἐκεῖνοι
1111 1323 1297 1409 ήπίστησαν,
1330 1325 1406 1407 ψιλή
1430 1325 1469 1405 πή

355 1419 477 1502 ἀπιστίᾳ
495 1418 670 1503 κέχρηνται,
690 1419 711 1482 ἀ
731 1421 772 1504 μὴ
788 1421 965 1486 πιστεύουσι
985 1423 1190 1506 φιλολογήσαι
1212 1419 1269 1484 ούκ
1290 1419 1467 1505 ήνέσχοντο.

355 1514 440 1578 οῦτοι
468 1515 500 1578 ἐν
531 1515 618 1602 μέσιρ
644 1516 804 1601 γενόμενοι
832 1518 915 1582 λύειν
946 1520 1000 1602 τήν
1032 1519 1179 1604 ἁρμονίαν
1211 1518 1468 1604 ἐπικεχειρήκασι,

354 1611 516 1676 καταλύειν
538 1615 589 1677 τδν
611 1615 726 1700 ῥυθμὸν
750 1618 955 1701 τετολμήκασι
968 1616 1259 1702 ,[τε]τεχνασμένοις
1281 1616 1469 1699 μαθήμασιν,

306 1729 338 1780 ιο
357 1710 502 1774 ὑπόθεσιν
525 1712 643 1796 ἀπάτης
664 1715 698 1777 τδ
723 1713 821 1798 ὄνομα
843 1719 899 1778 τοῦ
922 1715 1101 1799 εὐαγγελίου
1125 1713 1397 1798 παρεσκευακότες.
1441 1713 1469 1776 εἰ

354 1809 411 1891 γὰρ
432 1807 562 1893 ήδεισαν
581 1810 615 1872 τδ
635 1809 824 1894 εὐαγγέλιον,
845 1811 902 1875 ούκ
921 1813 1051 1898 ἠγνόουν
1069 1815 1120 1878 τὸν
1135 1812 1244 1907 νόμον·
1270 1814 1297 1875 εἰ
1313 1811 1348 1874 δὲ
1361 1809 1467 1895 ήγνόη-

356 1929 412 1970 σαν
434 1908 486 1970 τδν
509 1904 621 1990 νόμον,
643 1913 711 1978 πῶς
732 1912 783 1974 τδν
800 1908 920 1995 Ἰησοῦν
943 1911 1166 1996 παρεδέξαντος
1199 1910 1271 1996 δίχα
1292 1907 1350 1992 γὰρ
1372 1905 1468 1990 νόμου

351 2003 472 2088 Ἰησοῦς
492 2003 528 2068 ού
550 2008 833 2090 παραλαμβάνεται,
874 2009 891 2070 ό
914 2007 974 2092 γὰρ
998 2009 1032 2072 τδ
1056 2009 1144 2078 τέλος
1166 2009 1273 2072 ποθῶν
1293 2007 1346 2090 τήν
1370 2006 1467 2090 ἀρχὴν

353 2103 600 2187 περιεργάζεται,
626 2103 643 2166 ό
666 2103 700 2166 δὲ
723 2109 777 2188 τῆς
797 2105 897 2189 ἀρχῆς
916 2105 1075 2189 γινόμενος
1098 2105 1270 2191 ὑπερόπτης
1290 2103 1467 2176 κενοπαθεῖ,

305 2210 337 2264 ίό
355 2203 528 2282 κενολογεῖ,
561 2203 638 2285 πρὸς
671 2201 759 2270 τέλος
796 2200 895 2286 ἄφιξιν
927 2203 983 2266 οῦκ
1016 2201 1092 2289 ἔχει.
1144 2204 1171 2266 εἰ
1198 2203 1232 2266 δὲ
1259 2201 1347 2270 τέλος
1370 2199 1468 2284 νόμου

353 2295 493 2381 χριστός,
526 2304 784 2382 ματαιοπονοῦσι,
808 2297 906 2382 νόμου
932 2301 986 2383 μὲν
1011 2303 1146 2386 φυγάδες
1169 2299 1267 2377 ὄντες,
1289 2297 1408 2383 Ἰησοῦν
1434 2297 1467 2360 δὲ

354 2393 469 2460 εἰδέναι
496 2394 793 2480 ἐπαγγελ[λ]ύμενοι.
835 2397 863 2460 εἰ
887 2399 927 2481 μὴ
952 2397 1047 2483 νύμος
1068 2399 1214 2482 λαλήσει,
1245 2400 1261 2462 ό
1286 2397 1389 2482 κύριος
1412 2395 1467 2458 οῦκ

354 2492 594 2574 ἐπιγινώσκεται.
635 2495 655 2576 ή
680 2493 737 2576 γὰρ
767 2494 867 2576 σιωπὴ
898 2499 953 2558 τοῦ
985 2496 1082 2580 νόμου
1109 2495 1218 2578 ἄγνοια
1248 2501 1301 2560 τοῦ
1327 2516 1467 2580 κηρυττο-

355 2588 460 2673 μένου,
482 2590 501 2672 ἡ
527 2589 561 2652 δέ
582 2593 637 2653 τοῦ
661 2589 758 2676 νόμου
783 2591 916 2676 μάθησις
934 2591 1094 2676 ἐπίγνωσις
1107 2597 1162 2657 τοῦ
1176 2594 1467 2680 προκάταγγελ[λ]ο-

302 2694 337 2752 Μ
355 2686 461 2771 μένου.
505 2687 534 2751 εί
550 2686 608 2772 γὰρ
632 2686 796 2758 Μωῦσέως
818 2687 951 2774 ἤκουον,
976 2690 1133 2756 ἐπίστευον
1158 2691 1201 2761 εἰς
1221 2693 1272 2756 τὸν
1296 2693 1467 2776 παρεληλυ-

354 2784 442 2850 θότα.
465 2784 575 2870 ἀμέλει
597 2786 633 2850 ού
654 2785 829 2852 πιστεύεται
851 2789 867 2852 ό
891 2788 1104 2875 ἐγηγερμένος,
1124 2791 1152 2854 εί
1172 2792 1213 2876 μή
1232 2791 1327 2854 πίστιν
1345 2787 1469 2872 όνύμος

352 2886 417 2951 τοῖς
437 2883 602 2948 ἀκούουσιν
625 2885 797 2970 ἐμποιήσει.
838 2883 893 2970 κᾷν
916 2887 973 2972 γάρ
995 2909 1037 2956 τις
1060 2887 1135 2973 λέγη
1161 2887 1302 2974 ,πέμψον
1326 2886 1467 2970 Λάζαρον

352 2978 402 3042 ἵνα
427 2981 593 3066 ἀναγγείλη
622 2987 686 3052 τοῖς
710 2984 859 3070 ἀδελφοῖς
886 3007 946 3069 μου
975 2985 1015 3068 μή
1046 2984 1147 3049 ἐλθεῖν
1176 2987 1219 3055 εἰς
1241 2985 1293 3070 τήν
1319 2985 1392 3050 ὁδόν
1415 2987 1468 3066 τῆς

355 3078 490 3163 βασάνου
524 3077 673 3164 ταύτης“,
706 3082 757 3145 καὶ
788 3080 930 3165 λέγοντος
946 3081 1094 3167 ιΑβραάμ
1125 3081 1252 3170 ,έχουσι
1275 3079 1395 3146 Μωσέα
1416 3079 1468 3143 καὶ

302 3187 336 3241 2⁶
355 3175 427 3244 τοῦς
445 3177 624 3262 προφήτας“
652 3177 723 3263 εἴπῃ
752 3179 826 3256 ,ἐὰν
855 3180 896 3264 μή
923 3201 966 3248 τις
992 3179 1025 3244 ἐκ
1049 3185 1164 3265 νεκρῶν
1195 3181 1330 3264 ἀναστή,
1364 3177 1400 3240 οῦ
1425 3177 1466 3261 μή

353 3274 569 3351 πιστεύσωσι“,
588 3277 752 3340 ἀκούσεται
773 3277 820 3353 ,εἰ
834 3274 977 3345 Μωσέως
995 3277 1046 3340 καὶ
1058 3284 1117 3342 τῶν
1129 3282 1295 3365 προφητῶν
1309 3275 1366 3340 οῦκ
1377 3275 1467 3361 ήκου-

354 3394 420 3451 σαν,
443 3370 518 3434 οόδέ
542 3372 594 3435 ἐάν
616 3396 662 3442 τις
673 3374 707 3437 ἐκ
721 3379 836 3458 νεκρῶν
860 3375 988 3458 ἀναστῇ,
1011 3375 1226 3440 ἀκούσονται“.
1260 3375 1363 3462 βαβαί.
1396 3374 1467 3438 οῦτε

352 3469 410 3554 γὰρ
431 3471 451 3552 ή
473 3475 527 3533 τοῦ
551 3469 757 3553 ἐγηγερμένου
778 3472 970 3555 παραγγελία
992 3477 1031 3557 πή
1049 3478 1104 3536 τοῦ
1124 3473 1221 3559 νόμου
1242 3474 1372 3538 καὶτῶν
1394 3495 1465 3557 προ-

225 3589 230 3598 ·
354 3572 458 3652 φητῶν
476 3613 618 3632 .......
643 3565 800 3651 όἸησοῦς
821 3568 893 3653 δίχα
912 3573 965 3652 τής
987 3571 1149 3640 συνουσίας
1170 3570 1281 3638 αὐτῶν.
1315 3569 1468 3639 ούδέτοῖς

301 3674 337 3729 ³⁰
354 3664 538 3734 ἀποστόλοις
569 3664 733 3750 φαίνεσθαι
764 3665 877 3750 ήῖίωσε
907 3668 958 3730 καὶ
984 3668 1152 3752 δυνάμενος
1180 3667 1238 3730 ύπδ
1269 3671 1323 3730 τοῦ
1353 3669 1468 3751 πατρὸς

353 3763 585 3848 μαρτυρεῖσθαι,
608 3763 664 3827 οῦκ
685 3762 816 3847 ήτίμασε
838 3765 891 3848 τήν
913 3765 1072 3828 συνουσίαν
1092 3769 1151 3828 τῶν
1173 3765 1279 3849 ἁγίων,
1301 3765 1382 3828 ἀλλὰ
1403 3770 1468 3833 ταῖς

268 3866 275 3881 ’
352 3857 443 3945 ὄψεσι
475 3865 536 3924 τῶν
566 3860 748 3925 ἀποστόλων
779 3862 876 3926 πίστιν
908 3863 1126 3950 ’ἀκριβεστάτην
1156 3861 1346 3948 βουλόμενος
1370 3885 1466 3947 παρα·

353 3956 501 4042 σχέσθαι,
532 3961 575 4028 ῶς
600 3959 711 4043 ἀνῆγεν
740 3959 771 4023 ἐν
801 3965 845 4046 τῶ
873 3959 940 4045 ὄρει
967 3961 1019 4024 καλ
1049 3964 1298 4052 μετεμορροῦτο,
1331 3961 1468 4025 ἐδείκνυε

331 4052 492 4118 ’Μωϋσέα
511 4057 561 4120 καὶ
576 4054 699 4139 Ἥλίαν,
721 4057 770 4121 ίνα
792 4059 811 4140 ή
831 4058 979 4122 συνουσία
996 4062 1049 4142 τῆς
1070 4057 1229 4142 ἁγιότητος
1248 4057 1373 4142 γένηται
1393 4079 1466 4142 μαρ-
1544 4118 1549 4124 .

300 4162 336 4217 ³5
352 4153 440 4238 τυρία
463 4154 515 4218 καὶ
542 4153 591 4220 ίνα
619 4157 635 4219 ό
665 4155 835 4242 δεχόμενος
861 4156 911 4219 τὸν
936 4154 1056 4241 Ἰησοῦν
1083 4155 1154 4224 τοῦς
1174 4154 1319 4224 συνόντας
1344 4156 1385 4240 μὴ
1407 4155 1466 4218 ἀτι-

353 4250 454 4334 μάση,
488 4249 537 4315 ῖνα
564 4255 606 4340 μὴ
634 4254 705 4323 τοῦς
730 4252 925 4338 δορυφόρους
945 4255 996 4318 καλ
1017 4253 1168 4339 ὑπηρέτας
1190 4251 1353 4324 εύτελίζων
1374 4250 1466 4314 αῦτδν

351 4347 507 4431 ἀτιμάζων
529 4348 550 4437 ᾗ
577 4353 629 4416 τόν
651 4349 790 4438 βασιλέα.
830 4350 981 4436 τοσαύτην
1004 4356 1077 4436 γοῦν
1102 4349 1278 4434 ἐπιμέλειαν
1300 4353 1355 4412 τοῦ
1369 4348 1466 4433 νόμου

350 4445 402 4508 καὶ
422 4451 482 4508 τῶν
503 4452 671 4534 προφητῶν
690 4445 854 4531 πεποίηται
876 4449 892 4511 ό
914 4451 1016 4534 σωτὴρ
1035 4451 1078 4518 ῶς
1098 4448 1192 4532 μηδὲν
1214 4447 1320 4515 ἀτελὲς
1339 4449 1467 4529 ποιῆσαι

350 4547 404 4606 τοῦ
428 4543 537 4628 νόμου,
558 4547 657 4612 πάντα
673 4545 709 4608 δέ
722 4545 824 4609 ἀνύειν
839 4546 877 4611 τὰ
890 4547 1097 4633 γεγραμμένα,
1119 4547 1192 4632 βοοῖν
1214 4544 1249 4608 δὲ
1271 4543 1348 4621 ,οὐκ
1368 4543 1467 4628 ήλθον

1606 3777 1609 3818 ί
