3517 5434
277 667 282 676 '
341 672 364 724 B
385 670 508 728 15-10.
874 657 916 718 34

343 823 439 908 μηδὲν
460 822 578 908 ἐχοῦση
600 820 695 886 πλέον
718 821 796 906 πρδς
815 822 849 886 τδ
872 822 1086 906 προκείμενον,
1133 819 1179 896 10.
1214 821 1389 904 ἀναγκαίως
1407 823 1459 888 καὶ

342 926 432 984 τοῦτο
454 924 508 1002 τῆς
526 925 581 983 τοῦ
600 919 677 982 θεοῦ
697 918 808 1003 σοφίας
830 917 997 1003 διαθείσης.
1033 917 1050 982 ό
1067 942 1100 983 τε
1119 920 1176 1005 γάρ
1188 918 1283 1002 πένης
1297 919 1458 1003 διαγυμνά-

343 1021 426 1089 ζεται
444 1019 520 1102 πρδς
542 1016 714 1102 καρτερίαν,
735 1019 868 1080 πλοῦτον
889 1017 962 1101 παρ’
985 1014 1072 1103 ἀλλιρ
1092 1017 1231 1103 βλέπων,
1256 1016 1307 1080 καὶ
1328 1017 1344 1079 ό
1365 1017 1457 1080 πλοό-

341 1137 406 1183 σιος
441 1115 638 1198 δοκιμάζεται
672 1114 724 1196 τὴν
758 1117 882 1199 γνώμην
916 1119 955 1200 τῇ
980 1120 1034 1180 τοῦ
1062 1113 1275 1201 πτωχεύοντος
1307 1112 1456 1198 εὐτελείᾳ.

308 1214 476 1280 ῦπλοῦτος
505 1210 565 1295 μὲν
590 1210 647 1298 γὰρ
679 1213 720 1295 μὴ
750 1213 978 1298 παρακειμένης
1005 1214 1159 1299 πτωχείας
1190 1212 1344 1298 ἄχρηστος
1372 1213 1458 1294 (τίνα

341 1310 397 1393 γὰρ
420 1307 455 1372 εὐ
478 1309 629 1392 ποιήσεις)
650 1309 702 1373 καί
722 1310 811 1372 πενία
832 1309 990 1394 ἀδόκιμος,
1015 1311 1055 1394 μὴ
1079 1309 1287 1392 ἀντικειμένου
1309 1309 1456 1374 πλοότου.

342 1407 424 1476 ὅλως
446 1407 481 1470 δὲ
501 1405 573 1468 οὐτε
593 1407 627 1468 τδ
650 1408 792 1470 πλουτεῖν
821 1408 969 1491 μακάριον
991 1407 1062 1471 οὐτε
1086 1409 1120 1471 τδ
1143 1404 1291 1469 πένεσθαι
1313 1407 1457 1484 ἐλεεινόν,

343 1502 448 1587 ἐπειδή
475 1526 510 1586 γε
539 1503 634 1586 μόνος
654 1502 770 1571 ἐκεῖνος
791 1504 957 1587 μακάριος,
988 1501 1195 1591 ιβπρόσεστιν
1219 1505 1237 1586 ἡ
1261 1502 1385 1589 βέβαιος
1405 1510 1458 1590 τῆς

342 1606 444 1685 ψυχῆς
463 1602 529 1664 κατ’
549 1600 660 1685 ἀρετὴν
680 1599 829 1684 εὐπραγία
846 1599 915 1688 (κάν
935 1625 968 1665 τε
988 1603 1134 1671 πλοὺσιος
1149 1599 1202 1686 κάν
1219 1599 1313 1685 πένης
1333 1602 1455 1686 ὑπάρχῃ

292 1700 361 1762 1οδ
383 1699 548 1784 τοιοῦτος),
569 1699 607 1784 ἧς
629 1698 730 1762 ἕνεκεν
751 1699 828 1782 πρδς
847 1699 925 1762 θεοῦ
947 1698 1112 1785 ἄνθρωπος
1129 1698 1298 1783 γεγένηται,
1322 1702 1364 1768 ὑις
1386 1697 1456 1761 δέον

341 1796 425 1880 παρὰ
457 1798 512 1881 μὲν
544 1797 620 1860 θεοῦ
648 1799 682 1860 τδ
713 1795 789 1859 εἶναι
816 1797 939 1883 λαβεῖν,
970 1799 1043 1883 παρ’
1075 1799 1187 1862 ἑαυτοῦ
1218 1797 1252 1860 δὲ
1280 1798 1312 1860 τδ
1340 1795 1455 1878 ἀγαθὸν

341 1893 565 1978 προσγενέσθαι
594 1895 717 1981 λαβεῖν,
749 1899 968 1978 συνεργοῦντος
995 1896 1086 1960 θεοῦ·
1123 1895 1267 1982 βούλεται
1297 1893 1354 1978 γάρ
1384 1893 1458 1962 θεδς

341 1993 392 2056 καὶ
421 1992 493 2077 παρ’
521 1992 616 2055 αὐτοῦ
649 1994 701 2057 τδν
728 1991 892 2076 ἄνθρωπον
918 1989 999 2079 ἔχειν
1026 1993 1061 2058 ἀν
1085 1996 1118 2058 τδ
1142 1995 1262 2076 λογικδν
1287 1989 1358 2054 ὄντα
1381 1991 1457 2074 πρδς

342 2087 465 2160 ἔνδοξον
494 2089 677 2173 παρρησίαν.
734 2090 814 2152 ὥστε
846 2088 883 2152 οὐ
912 2091 1113 2176 θαυμάσομεν
1145 2089 1219 2154 οὐδὲ
1247 2091 1455 2173 μακαριυῦμεν

292 2193 324 2246 15
343 2186 440 2271 ἀνδρα
458 2186 606 2250 πλοὺσιον
629 2190 883 2271 κακοπραγοῦντα
903 2187 976 2252 οὐδὲ
996 2189 1241 2274 διαπορήσομεν,
1264 2186 1310 2250 ὑτι
1330 2188 1460 2249 πλουτεῖ

341 2289 479 2352 τοιοῦτος
501 2285 556 2364 ὤν,
575 2284 652 2368 πρδς
669 2285 722 2367 τὴν
741 2287 796 2346 τοῦ
815 2282 893 2347 θεοῦ
905 2285 1061 2370 πρόνοιαν.
1093 2286 1123 2350 τί
1136 2285 1193 2370 γὰρ
1211 2285 1342 2370 ὑπάρχει
1362 2282 1455 2346 πλέον

341 2382 429 2465 ἀνδρὶ
456 2386 584 2466 πονηριγῦ
610 2384 806 2457 πλουτοῦντιγ
835 2381 865 2443 τί
891 2382 925 2444 δὲ
949 2381 1005 2447 οὐκ
1028 2382 1154 2448 ἔλαττον
1178 2383 1263 2468 αὐτῷ
1281 2381 1456 2466 πρόσεστινς

342 2478 504 2561 ἀγρυπνίαν
522 2479 576 2560 μὲν
598 2479 649 2541 καὶ
671 2479 803 2542 κίνδυνοι
823 2477 873 2540 διά
898 2479 936 2544 τά
953 2482 1109 2566 χρήματα,
1132 2482 1226 2546 λῦπαι
1249 2479 1284 2544 δὲ
1305 2483 1364 2542 τῶν
1385 2479 1455 2542 ἀνα-

341 2573 531 2657 λισκομένων
564 2574 687 2659 μείζους
715 2575 794 2661 ἥπερ
823 2577 934 2659 ἡδοναί
962 2583 1022 2642 τῶν
1055 2577 1277 2665 ποριζομένων.
1333 2574 1369 2639 οὐ
1398 2575 1454 2660 γὰρ

290 2677 325 2732 w
343 2673 424 2736 οῦτω
449 2675 483 2738 τδ
512 2675 609 2757 παρδν
638 2672 807 2758 εὐφραίνει,
836 2677 879 2743 ὡς
906 2675 939 2738 τδ
971 2675 1048 2740 ἀπδν
1070 2679 1171 2755 λυπεῖ,
1197 2679 1248 2742 καὶ
1271 2677 1319 2740 ἀεὶ
1341 2673 1378 2738 τὰ
1404 2677 1456 2756 τῆς

342 2767 505 2853 ἐπιθυμίας
527 2771 706 2841 συναύξεται
728 2777 772 2858 τῷ
793 2772 929 2858 πλοότιρ,
953 2778 995 2844 ίιις
1014 2775 1064 2838 τδν
1087 2775 1232 2860 λογισμδν
1252 2773 1457 2840 ἀδιαλείπτως

342 2870 491 2930 συνοικεῖν
514 2867 638 2954 ἀσχέτιρ
657 2869 760 2949 πάθει,
782 2872 816 2934 τδ
839 2869 874 2932 δὲ
893 2875 984 2954 σῶμα
1006 2873 1152 2941 πολλάκις
1174 2869 1456 2954 συγκατατήκεσθαι

340 2969 384 3050 τιγῖ
406 2967 553 3051 λογισμῷ.
588 2968 622 3030 τδ
646 2968 684 3052 δὴ
706 2969 817 3032 δοκοῦν
838 2966 1054 3052 πλεονέκτημα
1075 2973 1129 3032 τοῦ
1151 2967 1329 3052 περιουσίαν
1353 2989 1456 3050 κεκτη·

341 3061 436 3146 μένου
461 3064 682 3148 χαλεπώτερον
704 3066 847 3150 τυγχάνει
871 3065 891 3149 ἢ
916 3065 1131 3149 μειονέκτημα.
1176 3067 1299 3148 τρυφῶν
1324 3063 1381 3147 γὰρ
1404 3065 1454 3126 καί

288 3165 323 3220 ῦὸ
342 3161 432 3244 εὐνῆς
457 3159 626 3245 ἀπαλότητι
657 3163 819 3248 χριόμενος
847 3164 891 3232 εἰς
921 3161 1092 3247 ἀρρωστίας
1122 3157 1200 3223 ἔστιν
1235 3159 1285 3222 ὅτε
1315 3159 1456 3226 ποικίλας

341 3259 498 3343 ἀμπίπτει,
525 3261 580 3321 τοῦ
611 3257 740 3343 πένητος
770 3265 809 3344 τῇ
836 3260 976 3346 ξηρότητι
1000 3263 1053 3344 τῆς
1082 3259 1247 3341 ἀναγκαίας
1275 3255 1391 3340 δαίτης
1419 3255 1453 3318 τδ

341 3357 476 3439 ὑγιαῖνον
503 3360 547 3441 τιγῖ
574 3357 693 3439 σώματι
713 3358 930 3443 ποριζομένου.
974 3357 1072 3420 καίτοι
1095 3355 1137 3423 τίς
1159 3353 1194 3418 ἀν
1219 3353 1294 3439 φαίη
1319 3355 1361 3420 ιίις
1384 3350 1454 3436 οὐχὶ

339 3456 374 3516 τδ
400 3458 491 3536 σῶμα
516 3456 576 3515 τιῖνν
598 3454 684 3523 ἐκτδς
704 3454 938 3539 προτιμότερονς
966 3454 993 3516 εί
1021 3452 1056 3515 δὲ
1082 3453 1145 3520 τοῖς
1168 3451 1206 3515 τὰ
1232 3451 1382 3533 ἀναγκαῖα
1404 3472 1454 3533 με·

340 3551 432 3634 τρίοις
460 3551 711 3635 ἐρρωμενεστέρα
735 3557 789 3616 τοῦ
810 3552 953 3634 σώματος
972 3548 1031 3619 ἕξις
1054 3548 1211 3633 διαμένει,
1239 3552 1303 3618 τοῖς
1324 3547 1358 3610 δὲ
1380 3547 1457 3631 πρὸς

288 3655 325 3710 30
342 3647 474 3732 ἀμετρον
497 3650 614 3733 τρυφὴν
639 3647 884 3734 κεχαλασμένοις
912 3647 1130 3731 συγκατάγεται
1156 3647 1207 3710 καὶ
1229 3651 1283 3710 τοῦ
1313 3647 1457 3730 σώματος

341 3743 481 3824 ότόνος,
510 3750 577 3814 πῶς
596 3745 653 3808 οὐκ
676 3744 807 3831 εὐδηλον
830 3748 873 3814 ὑις
891 3744 968 3810 κατὰ
992 3749 1083 3810 τοῦτο
1105 3745 1156 3808 καὶ
1182 3741 1307 3807 ἔλαττον
1329 3747 1384 3826 τῆς
1405 3765 1455 3805 πε-

340 3843 405 3911 νίας
434 3844 622 3920 ὑπλοῦτοςς
653 3844 732 3928 πλὴν
762 3845 789 3907 εί
818 3844 859 3928 μή
886 3865 929 3912 τις
956 3841 1098 3928 εὑρεθείη
1124 3842 1258 3906 καὶτῶν
1283 3840 1454 3924 ἀναγκαίων

339 3941 508 4025 προσδεής,
538 3942 614 4026 ὅπερ
643 3940 793 4006 οὐδέποτε
814 3945 859 4026 τιῦ
881 3939 947 4006 κατ’
973 3939 1082 4025 ἀρετὴν
1106 3939 1264 4026 σπουδαίιρ
1287 3937 1454 4024 συμβαίνει.

341 4035 403 4121 ἀρα
433 4037 469 4102 δὲ
498 4044 560 4114 τῶν
587 4042 766 4104 πολυτελῶν
799 4039 976 4122 ἐδεσμάτων
1011 4037 1031 4119 ἡ
1061 4035 1169 4120 ἡδονὴ,
1191 4034 1385 4120 συνδιαμένει
1416 4038 1456 4118 τῇ

289 4147 324 4200 35
343 4135 485 4220 αἰσθήσει
505 4140 564 4198 τῶν
589 4136 638 4198 ἀεὶ
659 4135 858 4221 κεχρημένων
879 4136 899 4218 ἢ
924 4136 961 4218 δὴ
985 4133 1052 4198 λίαν
1080 4131 1264 4204 εὐτελίζεται
1285 4138 1324 4217 τῇ
1346 4131 1455 4218 χρονίᾳ

342 4233 504 4318 συνηθείας
526 4235 569 4300 ὡς
589 4233 685 4317 μηδὲν
708 4230 789 4316 ἔχειν
808 4231 879 4300 τούς
899 4229 1057 4300 τοιούτους
1068 4229 1173 4305 πλέον,
1191 4229 1265 4314 ὑπερ
1281 4230 1324 4299 είς
1338 4228 1455 4314 τρυφὴν

340 4332 605 4414 προσαγάγωνται.
652 4330 701 4393 ἀεὶ
728 4328 786 4414 γὰρ
814 4332 848 4393 τδ
878 4327 1010 4411 σόνηθες
1033 4325 1313 4412 εὐκαταφρόνητον.
1351 4331 1396 4414 τιγῦ
1420 4325 1455 4388 δὲ

340 4426 446 4510 πένητι
468 4428 501 4490 τδ
523 4430 577 4514 μὲν
602 4427 724 4496 εὐτελὲς
744 4426 793 4490 διὰ
815 4427 868 4510 πἠν
893 4425 995 4508 ὑγείαν
1018 4423 1152 4509 ἥδιστον,
1174 4425 1208 4488 τὸ
1232 4424 1267 4488 δὲ
1290 4423 1457 4511 πολυτελὲς

341 4521 388 4604 (εί
397 4544 472 4587 ποτε
492 4525 625 4608 γένοιτο)
647 4524 733 4596 ξένον
755 4525 806 4589 καὶ
828 4517 1005 4588 καινότατον
1028 4522 1070 4591 είς
1091 4519 1252 4608 ἀνειμένην
1270 4520 1456 4590 ἀπόλαυσιν·
