3517 5434
859 663 901 726 ²³
1271 679 1438 738 εω-ω

322 832 367 914 τηῖ
384 828 516 914 βελτίονι
537 827 624 912 μέρει
643 833 698 913 τῆς
723 833 835 913 ψυχῆς,
857 822 913 912 ’κᾷν
937 831 1075 913 μυριάκις
1097 831 1251 915 μαίνοιντο
1276 833 1305 896 οἱ
1328 833 1362 898 έκ
1384 839 1438 900 τοῦ

323 925 478 1010 μανέντας,
500 926 558 990 οὐκ
580 923 616 988 ἀν
638 925 810 1010 ἀρνηθεῖεν.
858 925 963 990 ἄδικον
986 932 1147 1011 τοιγαροῦν
1167 932 1326 999 παντελῶς
1344 932 1439 1015 κρίσιν

321 1023 399 1088 κατὰ
422 1028 477 1107 τῆς
501 1022 576 1107 παρ’
597 1022 693 1088 αὐτοῦ
721 1022 931 1106 πεποιημένης
959 1025 1034 1108 ῦλης
1064 1024 1243 1111 ἐξενήνοχεν
1271 1027 1288 1091 ό
1320 1026 1441 1114 Μάνης,

321 1122 453 1190 ἀντιθεὶς
481 1121 502 1185 ἀ
524 1122 676 1206 μηδαμῶς
704 1121 785 1204 αὐτῇ
804 1125 976 1205 προσῆκεν,
1004 1119 1066 1204 είγε
1093 1121 1144 1184 καὶ
1173 1121 1336 1208 έτόγχανεν
1360 1126 1439 1192 οόσα
1563 1187 1566 1195 .

320 1224 380 1282 τῶν
399 1219 485 1303 παρὰ
504 1219 682 1302 ἀνθρώποις
702 1217 920 1302 πραττομένων
944 1220 1039 1282 αἰτία·
1062 1219 1237 1282 τούναντίον
1261 1221 1296 1284 δὲ
1320 1226 1472 1306 μᾶλλονό

320 1321 374 1399 τῆς
394 1321 449 1380 τοῦ
473 1316 593 1401 ἀγαθοῦ
627 1315 750 1400 μερίδος
779 1313 918 1397 εὐλόγως
938 1313 974 1379 ἀν
997 1314 1178 1400 νομισθείη,
1207 1315 1270 1401 εῖγε
1295 1319 1439 1398 ἐναντίως

321 1413 378 1476 δόο
404 1414 483 1484 τινές
510 1415 586 1478 εἰσιν
617 1413 711 1498 ἀρχαὶ
739 1409 817 1474 κατὰ
845 1411 899 1495 τὴν
927 1411 1045 1476 ἐκείνου
1071 1413 1191 1495 μανίαν.
1257 1413 1306 1490 βθ,
1348 1441 1437 1484 σπου-

322 1513 424 1585 δάζειν
451 1511 487 1576 δέ
513 1534 590 1595 φησι
618 1513 669 1575 τόν
693 1510 766 1574 θεδν
790 1510 845 1593 την
870 1509 1098 1574 καταποθεῖσαν
1129 1509 1268 1594 δύναμιν,
1289 1516 1326 1600 ἢν
1349 1519 1442 1580 καλεῖ
1513 1512 1525 1524 “

321 1611 424 1694 ψυχὴν
456 1609 614 1685 ἁπάντων,
645 1606 735 1677 αὖθις
762 1609 839 1691 πρὸς
869 1607 977 1672 ἑαυτὸν
1007 1606 1231 1686 ἀναδέξασθαι,
1260 1611 1309 1678 ἵνα
1339 1615 1436 1698 μὴτὸ

322 1707 436 1770 έαυτοῦ
460 1707 638 1790 ἀπεράντως
660 1705 709 1768 ἀεὶ
734 1704 980 1789 προσδεδεμένον
1001 1711 1040 1788 τῇ
1063 1705 1121 1788 ῦλη
1137 1707 1188 1768 καὶ
1200 1711 1432 1793 τιμωρούμενον
1454 1715 1487 1772 10

322 1799 461 1887 διατελῇ.
504 1803 535 1866 τί
559 1800 613 1866 οῦν
641 1803 694 1884 την
718 1801 816 1886 ἀρχὴν
838 1801 1032 1886 παρεβάλετο
1062 1807 1164 1879 τοῦτο,
1189 1805 1269 1868 ὥστε
1290 1812 1436 1871 τοσοῦτον

321 1901 421 1964 αἰῶνα
451 1901 524 1985 μηδ’
554 1900 743 1965 ἀναπνεῦσαι
766 1898 935 1982 δυνηθῆναι
955 1898 1005 1960 καὶ
1026 1898 1120 1962 πλέον
1143 1899 1254 1964 παθεῖν
1279 1904 1395 1986 μᾶλλον
1416 1903 1435 1988 ἢ

320 1997 448 2081 δράσεις
471 1998 499 2061 εἰ
523 1998 578 2081 μέν
600 1996 658 2080 γὰρ
679 2000 833 2080 περιεῖχεν
856 1996 873 2057 ό
897 1994 1005 2078 μῦθος,
1029 1999 1071 2064 ῶς
1089 2001 1143 2060 τοῦ
1169 1998 1222 2081 μὲν
1246 1997 1323 2063 θεοῦ
1341 2000 1436 2083 μηδὲν

320 2093 517 2182 ὑβρισθέντος
537 2097 581 2164 εἰς
599 2097 654 2179 τὴν
676 2093 754 2158 ἰδίαν
776 2092 883 2156 οὐσίαν
908 2093 983 2176 μήτε
1005 2091 1082 2157 κατὰ
1103 2099 1177 2174 γοῦν
1197 2096 1231 2158 τό
1246 2096 1436 2180 βραχύτατον

320 2191 519 2277 ένσχεθέντος
540 2193 623 2274 (λίαν
644 2192 804 2274 ἀπρεπῶς)
826 2193 865 2272 τῇ
890 2188 961 2271 ὕλη,
983 2188 1052 2252 ἀλλ’
1071 2188 1177 2274 ἑτέρου
1198 2191 1235 2275 δη’
1253 2213 1333 2261 τινος
1346 2194 1436 2258 ἀλλο·
1455 2199 1488 2258 λέ

318 2290 486 2374 τριωτάτου
515 2295 568 2373 τῆς
599 2289 695 2352 αὐτοῦ
723 2287 863 2372 φύσεως,
895 2285 961 2369 ἅμα
983 2287 1018 2348 δὲ
1040 2288 1090 2349 καὶ
1114 2286 1208 2378 εβθῦς
1229 2288 1439 2373 ἐξαιρεθέντος

318 2386 370 2449 καὶ
391 2386 514 2464 τοῦτου,
532 2391 586 2455 ῶς
612 2383 648 2449 ἀν
670 2385 756 2470 τόπῳ
776 2385 893 2467 μᾶλλον
917 2384 936 2467 ἢ
959 2383 1195 2448 ὑποκατακλίσει
1221 2386 1274 2468 τὴν
1294 2386 1437 2472 τοιαύτην

316 2485 509 2566 πεποιῆσθαι
538 2486 641 2548 δοκεῖν
672 2483 898 2568 μεταχείρησιν,
928 2478 1018 2566 ἔσχεν
1042 2479 1077 2544 ἀν
1105 2483 1137 2544 τὸ
1161 2488 1234 2564 γοῦν
1256 2484 1385 2548 πιθανόν
1405 2484 1436 2548 έν

318 2580 428 2665 ψεόδει
450 2585 485 2647 τό
507 2583 636 2666 πλάσμα
660 2617 699 2630 -·
723 2581 788 2644 νυνὶ
808 2579 842 2642 δὲ
871 2578 1004 2646 ἄπλετος
1023 2579 1077 2661 μὲν
1104 2581 1180 2643 αἰὼν
1208 2582 1259 2644 καὶ
1283 2587 1373 2646 τοῦτο
1399 2583 1436 2666 δή

320 2700 412 2761 φασιν
436 2680 469 2743 ἐκ
490 2683 545 2763 τῆς
562 2681 687 2764 φόσεως
706 2678 740 2742 δν
760 2683 814 2742 τοῦ
836 2677 913 2740 θεοῦ
937 2675 1157 2760 καθειργμένον
1181 2679 1349 2758 διατελεῖν,
1395 2682 1438 2748 ὥς
1452 2689 1489 2746 w

321 2774 414 2838 αδιδν
441 2775 519 2838 εἶναι
549 2778 651 2840 δοκεῖν
678 2777 731 2840 τόν
751 2774 959 2859 κατεχόμενον
981 2777 1020 2857 τῇ
1041 2773 1199 2858 ὁμοιότητι
1228 2782 1282 2839 τοῦ
1310 2798 1436 2862 κατεχο-

321 2869 416 2952 μένου
440 2873 491 2934 καλ
517 2875 562 2956 τιβ
580 2893 616 2954 γε
639 2872 674 2934 έκ
699 2875 754 2953 τῆς
772 2871 896 2955 φόσεως
916 2870 1010 2934 αὐτοῦ
1032 2875 1122 2934 τοῦτο
1146 2874 1321 2956 τυγχάνειν·
1364 2872 1436 2936 όθεν

319 2967 371 3030 καλ
396 2969 518 3031 πλείονί
543 2991 579 3050 γε
606 2969 728 3051 σπουδῇ
754 2969 832 3052 πρὸς
854 2968 963 3031 έαυτδν
996 2965 1085 3036 αόθις
1111 2967 1320 3038 ἀναλέξασθαι
1346 2973 1435 3032 τοῦτο

319 3063 422 3141 ποθεῖ,
444 3066 464 3148 ί,
486 3066 522 3130 δὲ
545 3065 602 3149 όλη
625 3065 708 3148 ἁπλῆ
729 3065 781 3128 καλ
797 3065 921 3148 ἀπαθὴς
942 3063 1083 3148 ὑπάρχει,
1106 3068 1149 3134 ῶς
1165 3065 1304 3148 δράσασα
1320 3067 1436 3149 μᾶλλον

319 3161 339 3244 ἢ
366 3161 522 3227 παθοῦσα.
567 3164 601 3226 ἐκ
630 3161 747 3226 τούτων
768 3183 803 3244 γε
822 3162 929 3244 δῆλον,
953 3163 996 3228 ὡς
1019 3161 1147 3237 ἅπαντα,
1177 3161 1196 3224 ἀ
1223 3161 1389 3246 συνέθηκεν
1418 3165 1487 3227 όβῦ

318 3260 445 3334 πλάνος,
466 3261 510 3330 εἰς
531 3260 730 3347 βλασφημίαν
751 3257 926 3322 σοντέθεικε
947 3263 1001 3320 τοῦ
1025 3257 1112 3328 θεοῦ,
1134 3264 1188 3322 τοῦ
1214 3260 1308 3342 μηδὲν
1320 3259 1436 3324 τοότων

320 3357 395 3420 καθ’
419 3358 533 3422 έαυτοῦ
558 3354 773 3440 πεποιηκότος.
835 3353 883 3426 37.
926 3355 1092 3440 ἀναλαβεῖν
1113 3356 1212 3450 τοίνυν
1232 3357 1309 3439 πρὸς
1327 3357 1436 3422 ἑαυτὸν

321 3453 426 3518 ἐθέλει
446 3456 498 3520 καὶ
520 3456 688 3526 σπουδάζει
699 3454 822 3538 (φησίν)
841 3453 959 3536 ἐκείνην
981 3452 1034 3536 τὴν
1060 3451 1196 3536 δύναμιν.
1227 3452 1279 3516 καὶ
1300 3453 1389 3518 τοῦτό
1403 3479 1438 3540 γε

321 3551 400 3614 έστὶν
431 3553 451 3634 ί,
482 3552 558 3637 παρ’
587 3553 693 3621 αὐτοῖς
720 3549 903 3634 ἐλπιζομένη
936 3549 1071 3634 σωτηρία
1100 3549 1152 3612 καὶ
1182 3548 1379 3634 μακαριότης,
1402 3554 1436 3617 τὸ

322 3649 521 3733 ἀποδοθῆναί
545 3673 581 3732 γε
608 3655 653 3734 τηῖ
677 3649 744 3733 θεῷ
769 3650 803 3712 τδ
836 3648 948 3711 οἰκεῖον
978 3647 1084 3712 αὐτοῦ.
1125 3645 1174 3731 ἀρ’
1197 3645 1250 3710 οῦν
1280 3647 1372 3716 αῦτδς
1393 3649 1509 3717 είςδ)Ι

321 3745 431 3810 έαυτδν
455 3745 604 3828 ἀναμένει
630 3747 665 3810 τδ
692 3745 781 3814 τέλος
800 3745 931 3816 ἐλπίζων
955 3749 997 3814 ῶς
1020 3743 1352 3828 εὐεργετηθησόμενος,
1374 3745 1437 3829 εἴγε

321 3841 465 3925 μέλλοιτο
495 3841 530 3904 ἐκ
562 3845 616 3925 τῆς
645 3842 769 3927 φύσεως
792 3841 887 3905 αὐτοῦ
911 3841 964 3924 τὴν
989 3840 1169 3925 ἐλευθερίαν
1194 3843 1436 3928 ἀπολαμβάνειν,

321 3939 371 4004 ἵνα
393 3939 414 4002 ἀ
436 3939 603 4004 κατέλυσαν
632 3939 824 4022 οῖκοδομήση
853 3939 905 4002 καὶ
932 3937 1026 4000 πλέον
1054 3938 1156 4015 οὐδέν,
1188 3941 1239 4003 καὶ
1266 3945 1305 4023 τῇ
1338 3939 1437 4004 ἑλπίδι

320 4036 511 4123 τρεφόμενος
536 4035 669 4119 κάθηται
696 4041 852 4121 καρτερῶν
875 4035 1025 4120 καὶπρὸς
1047 4035 1081 4098 τό
1103 4035 1191 4106 τέλος
1213 4038 1357 4122 ἀφορῶν,
1387 4036 1436 4100 ίνα

320 4135 432 4198 έαυτδν
455 4132 569 4217 τρόπον
592 4133 659 4196 τινά
681 4138 736 4217 τῆς
757 4133 866 4202 κακίας
889 4133 1107 4216 έλευθεριίισης
1131 4132 1167 4196 οῦ
1183 4134 1219 4217 δὴ
1234 4134 1436 4220 βραδύνοντος
1453 4147 1487 4202 δῦ

320 4232 434 4314 καὶμὴ
464 4230 576 4294 θᾶττον
604 4230 785 4315 γιγνομένου
812 4231 906 4302 αὐτὸς
930 4229 966 4296 ἀν
994 4229 1041 4315 εἴη
1066 4229 1117 4294 διὰ
1135 4235 1188 4313 τῆς
1211 4229 1398 4316 βραδύτητας
1418 4233 1435 4295 ό

320 4326 560 4410 τιμωρούμενος.
607 4328 700 4410 δῆλον
721 4328 778 4413 γὰρ
803 4332 846 4398 ῶς
865 4329 941 4394 οὐδὲ
962 4328 1011 4392 ἐπ’
1035 4327 1120 4413 αὐτῷ
1141 4328 1284 4411 τυγχάνει
1306 4327 1325 4409 ἡ
1345 4328 1435 4412 ταχό-

320 4445 374 4507 της
395 4428 450 4487 τοῦ
473 4423 596 4492 τέλους·
623 4424 721 4488 πάλαι
739 4426 797 4510 γδρ
819 4425 855 4490 ἀν
879 4426 979 4511 τοότιμ
1008 4425 1204 4510 χρησάμενος
1233 4427 1285 4507 τῆς
1313 4423 1438 4495 ἐλπίδος

321 4520 544 4586 ἀπολέλαυκεν.
600 4519 652 4594 θβ.
687 4522 794 4607 ἐπειδὴ
814 4526 865 4588 καὶ
889 4523 980 4606 λόγος
1000 4523 1105 4605 ἕτερος
1125 4518 1351 4604 καταγέλαστός
1373 4520 1437 4587 ἐστι
