3517 5434
860 663 904 722 88

330 839 451 922 ρηκιὺς,
479 833 608 896 πλείονα
632 831 668 893 δὲ
683 823 923 903 ἀπολελοιπώς,
947 825 1005 911 έχη
1028 823 1092 888 τινὰ
1112 823 1237 908 δὺναμιν
1262 825 1278 886 ὁ
1303 821 1440 908 ἔλεγχος.

329 934 357 996 εἰ
377 933 413 996 δὲ
435 932 495 995 ὑλα
517 931 557 994 δι’
585 928 660 992 όλου
683 928 721 992 τὰ
740 927 821 992 καλὰ
840 931 904 995 τοῖς
922 925 1094 1009 γράμμασιν
1116 921 1246 1006 ἐπετέθη
1263 925 1317 984 τοῦ
1335 920 1442 1004 νόμου,

328 1030 540 1112 θαυμάσωμεν
561 1028 613 1090 τδν
635 1026 729 1111 νόμον
753 1029 805 1089 καὶ
826 1027 902 1088 θεοῦ
925 1021 1019 1106 νόμον
1043 1021 1286 1105 ὁμολογήσωμεν
1312 1018 1363 1080 καὶ
1387 1041 1441 1080 πα-

327 1130 399 1212 τρὸς
425 1125 546 1209 ὁμιλίαν
571 1124 738 1209 φήσωμεν,
766 1125 894 1192 τούτους
917 1121 952 1185 δὲ
972 1116 1268 1204 παρεγραψάμεθα,
1299 1116 1441 1202 κίβδηλον

295 1226 454 1308 ὁγνὺμην
480 1223 531 1284 καὶ
558 1222 874 1308 παρακεχαραγμένην
906 1217 1085 1304 ἐσχηκότας.
1129 1214 1175 1277 ότι
1207 1215 1261 1297 μὲν
1290 1211 1343 1276 οῦν
1369 1211 1442 1274 οὐδὲ

330 1321 362 1386 ἓν
391 1319 497 1404 μόριον
525 1318 633 1387 κακίας
659 1317 890 1403 ἐπεσπαρμένον
920 1316 987 1402 ἔχει
1008 1313 1083 1378 οῦδὲ
1107 1311 1213 1397 μόριον
1237 1312 1344 1379 κακίας
1365 1310 1443 1394 ἀφη·

331 1421 433 1504 ρηκὼς
459 1415 565 1500 ἑτέρου
597 1416 761 1501 ἐφείσατο,
794 1415 875 1478 ἀλλὰ
899 1414 1036 1498 καθαρὸς
1059 1412 1112 1495 μὲν
1137 1411 1152 1473 6
1177 1407 1271 1492 νόμος
1290 1409 1342 1470 καὶ
1361 1407 1445 1489 ἅγιος

330 1516 381 1578 καὶ
398 1515 476 1576 θεοῦ
498 1512 602 1596 νόμος,
625 1515 641 1577 ό
662 1513 787 1582 Παῦλος
811 1514 871 1597 βοᾷ
895 1513 994 1588 ,ὥστε
1019 1511 1035 1574 ὁ
1060 1509 1114 1592 μὲν
1134 1506 1228 1590 νόμος
1251 1505 1335 1587 ἀγιος
1353 1505 1404 1568 καὶ
1423 1527 1443 1587 η

332 1612 440 1693 ἐντολὴ
461 1611 532 1693 ἁγία
552 1612 602 1674 καὶ
623 1611 725 1674 δικαία
747 1611 797 1673 καὶ
820 1610 934 1693 ἀγαθή.
978 1609 1030 1671 καὶ
1051 1607 1178 1690 οἴδαμεν
1200 1603 1258 1687 γὰρ
1282 1602 1327 1666 ὁτι
1350 1603 1366 1665 6
1390 1602 1443 1685 μὲν

281 1721 316 1774 10
332 1708 427 1791 νόμος
454 1708 657 1791 πνευματικός
686 1707 797 1772 ἐστιν“.
840 1709 874 1771 τὸ
902 1705 959 1791 γὰρ
988 1705 1072 1789 ἀγιον
1101 1703 1151 1766 καὶ
1173 1701 1375 1784 πνευματικόν
1396 1700 1446 1761 καὶ

332 1805 448 1889 ἀγαθόν
466 1806 567 1888 πάσης
585 1806 712 1875 ἀτοπίας
733 1805 922 1869 ἀπολέλυται
943 1804 994 1866 καὶ
1015 1803 1146 1885 οὑδεμιηῖ
1163 1799 1274 1882 ἀτοπία
1294 1796 1445 1881 ἀνέχεται.

333 1901 512 1985 σεμνὺνεται
539 1906 605 1972 ταῖς
634 1903 758 1987 ἀρεταῖς
787 1903 838 1965 καὶ
865 1900 1038 1983 διαλέγεται
1063 1905 1106 1985 τῷ
1127 1898 1203 1983 θεῷ.
1247 1892 1348 1978 ἡγὰρ
1371 1893 1446 1976 πρὸς

331 2001 383 2062 τδν
412 1999 486 2062 θεὸν
516 2000 622 2083 ὁμιλία
649 2000 746 2084 ἀλλης
773 2000 828 2083 μὲν
857 2000 973 2069 τάξεως
1000 1997 1056 2061 οὑκ
1083 1996 1244 2082 ἀνέχεται,
1275 1997 1315 2076 τῇ
1336 1992 1370 2054 δὲ
1392 1993 1445 2052 τοῦ

331 2095 504 2179 πνεὺματος
524 2097 702 2182 ῥυθμίζεται
723 2098 893 2181 ἐπιστασία.
932 2100 1072 2178 ,πνεῦμα
1094 2094 1151 2178 γὰρ
1176 2093 1191 2156 6
1214 2091 1288 2159 θεδς
1307 2091 1358 2153 καὶ
1377 2086 1447 2155 τοῦς

283 2206 316 2260 15
333 2198 578 2278 προσκυνοῦντας
603 2195 694 2259 αὑτὸν
717 2196 748 2259 ἐν
771 2196 922 2280 πνεὺματι
942 2195 994 2257 καὶ
1015 2191 1148 2276 ἀληθείᾳ
1169 2192 1219 2254 δεῖ
1234 2190 1446 2274 προσκυνεῖν“.

332 2291 535 2374 πνευματικός
556 2292 592 2354 δὲ
612 2293 655 2356 ιὺν
678 2294 695 2356 6
715 2293 810 2377 νόμος
829 2295 884 2376 τὴν
907 2293 983 2377 πρὸς
999 2291 1072 2355 θεὸν
1087 2291 1207 2373 ὁμιλίαν
1220 2285 1448 2372 παρασκευάζει

333 2389 384 2452 καὶ
413 2386 539 2450 δῦναται
569 2387 811 2473 όπνευματικδς
834 2390 947 2474 τὰμὲν
973 2389 1053 2453 ἀλλα
1076 2391 1190 2470 κρῖναι,
1224 2385 1315 2452 αὑτός
1336 2383 1370 2446 δὲ
1392 2379 1446 2443 ὑπ’

334 2484 462 2552 οῦδενδς
477 2485 683 2569 ἀνακρίνεται·
702 2485 791 2571 πόσῳ
813 2489 930 2572 μᾶλλον
949 2487 966 2548 ὁ
987 2485 1082 2569 νόμος
1102 2486 1118 2548 6
1136 2481 1338 2567 πνευματικός
1358 2479 1450 2548 αὐτὸς

333 2583 389 2666 μὲν
413 2581 534 2644 πάντων
559 2587 618 2644 τιῦν
645 2580 748 2645 ἀλλων
771 2584 842 2652 τοῦς
865 2583 977 2666 λόγους
1001 2583 1159 2667 ἀνακρῖναι
1183 2581 1325 2654 δύναται,
1358 2576 1450 2645 αὐτὸς

283 2695 318 2750 νυ
336 2681 371 2744 δὲ
402 2675 453 2740 ὑπ’
485 2677 612 2748 οὐδενὸς
640 2680 893 2766 ἀνακριθήσεται;
926 2681 972 2744 ότι
1001 2680 1036 2743 δὲ
1067 2679 1117 2742 καὶ
1145 2682 1204 2742 πᾶν
1234 2677 1316 2746 εἶδος
1342 2675 1450 2744 κακίας

334 2779 439 2840 ἀνεῖλε
461 2777 512 2839 καὶ
533 2775 607 2840 οῦδὲ
630 2776 663 2840 ἓν
687 2777 794 2864 μόριον
817 2779 974 2863 παρεῖδεν,
1001 2777 1070 2840 ἀλλ’
1095 2777 1260 2861 ἐπεξῆλθε,
1283 2779 1342 2839 ποῖν
1367 2771 1451 2841 εἶδος

214 2929 221 2941 .
334 2875 441 2942 κακίας
460 2873 593 2957 ἀναιρῶν
613 2877 691 2958 [καὶ]
710 2877 902 2953 ἀνακόπτων,
925 2877 1018 2959 δῆλον
1044 2874 1078 2938 έκ
1099 2879 1158 2937 τῶν
1181 2876 1250 2958 περὶ
1271 2878 1323 2956 τῆς
1342 2869 1450 2938 κακίας

336 2971 434 3056 όρων,
463 2971 620 3054 τεσσάρων
649 2975 739 3037 εἰδῶν
763 2972 859 3038 ὄντων
878 2978 932 3058 τῖγς
951 2972 1074 3052 κακίας,
1106 2970 1283 3056 ἀφροσὺνης
1304 2970 1355 3032 καὶ
1378 2968 1449 3029 ἀκο-

335 3069 445 3136 λασίας
471 3069 522 3131 καὶ
548 3069 661 3139 δειλίας
682 3072 733 3133 καὶ
755 3072 883 3140 ἀδικίας.
928 3071 956 3132 εί
978 3068 1032 3154 μέν
1055 3094 1083 3133 τι
1102 3071 1222 3154 φαῦλον
1246 3067 1293 3149 εἴη
1318 3067 1334 3129 ὁ
1356 3063 1452 3147 νόμος

284 3178 319 3234 νο
338 3168 553 3250 σεσιωπηκιὺς,
584 3167 697 3252 ἀτελὴς
721 3169 737 3231 6
761 3168 870 3254 νόμος·
894 3169 929 3233 ,εί
949 3169 984 3231 δὲ
1006 3167 1157 3250 ἐπεξῆλθε
1180 3167 1230 3229 καὶ
1252 3162 1451 3245 έπείε[ι]ργά·

337 3287 424 3341 σατο,
442 3268 502 3327 πᾶν
523 3263 605 3332 εἶδος
623 3267 730 3334 κακίας
743 3271 950 3351 προαναιρῦνν,
971 3265 1096 3334 εἰκότως
1111 3266 1130 3348 ἡ
1147 3263 1238 3328 κακία
1255 3261 1453 3326 συστέλλεται

337 3364 396 3427 ὑπό
427 3366 481 3426 τοῦ
506 3360 622 3445 νόμου,
655 3363 735 3446 μηδὲ
764 3365 910 3449 λείψανον
940 3362 1022 3447 ἔχειν
1052 3366 1323 3448 συγκεχωρημένη.
1371 3357 1451 3420 όπου

336 3466 409 3544 γοῦν
432 3459 533 3544 ίσχὺει
554 3457 659 3543 νόμος,
682 3460 733 3522 καὶ
754 3483 790 3543 τη
811 3460 919 3522 πειθοῖ
935 3457 972 3522 τὰ
989 3464 1083 3546 νεῦρα
1101 3461 1235 3536 δίδωσιν,
1258 3459 1332 3522 οὐδὲ
1347 3457 1453 3520 νοτιδα

337 3559 444 3626 κακίας
476 3555 554 3621 ἔστιν
584 3556 700 3639 εὑρεῖν.
731 3555 811 3618 ὅπου
840 3557 875 3620 δὲ
906 3557 1025 3635 ἀτονεῖ,
1055 3557 1249 3643 περιέρχεται
1277 3559 1296 3640 ἡ
1321 3553 1453 3638 πονηρία

286 3666 322 3722 ³⁰
340 3657 533 3721 σκυλεὺουσα
562 3654 613 3718 καὶ
642 3652 892 3738 κατανεμομένη,
929 3654 977 3718 ἐπ’
1015 3656 1153 3726 ἐξουσίας
1187 3655 1373 3742 βαδίζουσα,
1408 3656 1454 3736 τιγῖ

338 3754 506 3838 ἀφυλάκτῳ
527 3757 581 3835 τῆς
601 3754 702 3834 ψυχῆς
724 3750 777 3833 τὴν
800 3752 940 3822 ἐξουσίαν
962 3753 1127 3839 εὑραμένη.
1162 3755 1222 3839 βοηῖ
1242 3753 1299 3836 γὰρ
1321 3753 1337 3814 ὁ
1359 3749 1454 3834 νόμος

340 3851 427 3928 ,εί-ό
447 3848 522 3918 λαός
543 3870 602 3931 μου
621 3846 737 3931 ἤκουσέ
758 3871 828 3931 μου,
846 3849 972 3936 Ἰσραὴλ
986 3856 1051 3920 ταῖς
1066 3853 1151 3921 ὁδοῖς
1168 3875 1227 3935 μου
1243 3852 1270 3914 εἰ
1285 3847 1453 3933 ἐπορεύθη,

339 3947 371 4010 έν
400 3952 446 4032 τιγῖ
473 3947 581 4030 μηδενὶ
609 3943 645 4008 ἀν
670 3945 742 4014 τοῦς
763 3946 897 4031 ἐχθροὺς
920 3948 1020 4012 αῦτῦνν
1044 3947 1268 4012 έταπείνωσα“.
1317 3945 1368 4011 ότε
1393 3943 1452 4028 γὰρ

338 4045 439 4108 πείθει
460 4043 564 4128 νόμος,
587 4042 702 4128 ἀνεορα
723 4044 835 4125 γίνεται
857 4044 895 4108 τὰ
916 4045 1005 4122 κακοί,
1028 4047 1127 4131 χαμαὶ
1150 4047 1276 4129 κείμενα
1298 4045 1349 4108 καὶ
1372 4041 1453 4127 μηδὲ

288 4151 322 4208 ³6
340 4143 519 4226 ἀντωπησαι
538 4146 578 4224 τῇ
597 4146 686 4226 ψυχῇ
707 4142 871 4224 δυνάμενα.
914 4145 942 4207 εί
962 4143 1018 4228 γὰρ
1042 4140 1173 4230 ,λὺχνος
1193 4147 1257 4212 τοῖς
1276 4140 1352 4204 ποσί
1361 4139 1452 4224 μουὸ

339 4239 434 4323 νόμος
461 4261 517 4302 σου
536 4241 587 4303 καί
610 4245 677 4325 φῶς
695 4243 762 4309 ταῖς
781 4240 895 4325 τρίβοις
918 4249 1009 4326 μου“,
1036 4246 1094 4306 πᾶν
1117 4242 1150 4304 τό
1173 4239 1360 4325 πρόσκομμα
1379 4236 1453 4320 ἀνγί-

340 4359 439 4422 ρηται,
460 4338 695 4423 περωτισρένης
713 4338 764 4400 καλ
785 4337 930 4423 διαυγοῦς
950 4344 1003 4424 τῆς
1022 4339 1149 4423 καρδίας
1171 4337 1359 4423 εὑρεθείσης.
1396 4331 1453 4419 κᾷν

340 4433 398 4518 γὰρ
426 4433 479 4518 τἠν
501 4431 572 4496 νέαν
597 4434 713 4518 ἐκείνην
736 4435 787 4510 καὶ
811 4437 978 4525 ὀλισθηρὰν
1004 4437 1062 4524 ἔχη
1084 4437 1222 4521 ἡλικίαν,
1253 4435 1393 4520 φυλακὴν
1418 4434 1454 4498 δὲ

339 4533 400 4594 τῶν
429 4530 573 4616 ῥημάτων
598 4532 736 4616 τηρήση,
768 4533 960 4607 ἀδιάπτωτος
982 4537 1129 4602 διατελῶν
1154 4534 1299 4621 βοήσεται
1322 4531 1373 4611 ,ἐν
1397 4531 1455 4594 τίνι
