<?xml version="1.0" encoding="UTF-8"?>
<!DOCTYPE html PUBLIC "-//W3C//DTD XHTML 1.0 Transitional//EN"
    "http://www.w3.org/TR/xhtml1/DTD/xhtml1-transitional.dtd">
<html xmlns="http://www.w3.org/1999/xhtml" xml:lang="en" lang="en">
 <head>
  <title>
</title>
<meta http-equiv="Content-Type" content="text/html;charset=utf-8" />
  <meta name='ocr-system' content='tesseract 3.04.00' />
  <meta name='ocr-capabilities' content='ocr_page ocr_carea ocr_par ocr_line ocrx_word'/>
</head>
<body>
  <div class='ocr_page' id='page_1' title='image "./poemander00trisgoog_0245.png"; bbox 0 0 3517 5434; ppageno 0'>
   <div class='ocr_carea' id='block_1_1' title="bbox 838 711 878 770">
    <p class='ocr_par' dir='ltr' id='par_1_1' title="bbox 838 711 878 770">
     <span class='ocr_line' id='line_1_1' title="bbox 838 711 878 770; baseline 0 0"><span class='ocrx_word' id='word_1_1' title='bbox 838 711 878 770; x_wconf 74' lang='lat'>77</span> 
     </span>
    </p>
   </div>
   <div class='ocr_carea' id='block_1_2' title="bbox 305 872 1477 4086">
    <p class='ocr_par' dir='ltr' id='par_1_2' title="bbox 305 872 1477 4086">
     <span class='ocr_line' id='line_1_2' title="bbox 309 872 1422 960; baseline 0 -21"><span class='ocrx_word' id='word_1_2' title='bbox 309 874 395 946; x_wconf 83' lang='grc' dir='ltr'><strong>ὄντος</strong></span> <span class='ocrx_word' id='word_1_3' title='bbox 417 875 559 958; x_wconf 85' lang='grc' dir='ltr'>παθητού</span> <span class='ocrx_word' id='word_1_4' title='bbox 581 875 633 939; x_wconf 81' lang='grc' dir='ltr'>καὶ</span> <span class='ocrx_word' id='word_1_5' title='bbox 655 874 748 943; x_wconf 83' lang='grc' dir='ltr'>αότδς</span> <span class='ocrx_word' id='word_1_6' title='bbox 767 873 802 938; x_wconf 86' lang='grc' dir='ltr'>ἀν</span> <span class='ocrx_word' id='word_1_7' title='bbox 828 873 876 958; x_wconf 78' lang='grc' dir='ltr'>τίη</span> <span class='ocrx_word' id='word_1_8' title='bbox 898 872 1047 958; x_wconf 87' lang='grc' dir='ltr'>παθητός,</span> <span class='ocrx_word' id='word_1_9' title='bbox 1069 873 1129 960; x_wconf 88' lang='grc' dir='ltr'>ούχ</span> <span class='ocrx_word' id='word_1_10' title='bbox 1147 873 1250 959; x_wconf 83' lang='grc' dir='ltr'>ἕτερος</span> <span class='ocrx_word' id='word_1_11' title='bbox 1273 875 1314 938; x_wconf 87' lang='grc' dir='ltr'>ών</span> <span class='ocrx_word' id='word_1_12' title='bbox 1338 873 1422 959; x_wconf 79' lang='grc' dir='ltr'>παρὰ</span> 
     </span>
     <span class='ocr_line' id='line_1_3' title="bbox 308 969 1421 1059; baseline -0.002 -23"><span class='ocrx_word' id='word_1_13' title='bbox 308 975 342 1036; x_wconf 89' lang='grc' dir='ltr'>τδ</span> <span class='ocrx_word' id='word_1_14' title='bbox 366 979 443 1059; x_wconf 80' lang='grc' dir='ltr'>φώς,</span> <span class='ocrx_word' id='word_1_15' title='bbox 468 972 531 1055; x_wconf 84' lang='grc' dir='ltr'>εἴγε</span> <span class='ocrx_word' id='word_1_16' title='bbox 550 971 690 1057; x_wconf 85' lang='grc' dir='ltr'>ήδυνήθη</span> <span class='ocrx_word' id='word_1_17' title='bbox 711 972 822 1036; x_wconf 82' lang='grc' dir='ltr'>παθεῖν</span> <span class='ocrx_word' id='word_1_18' title='bbox 843 973 894 1034; x_wconf 89' lang='grc' dir='ltr'>καὶ</span> <span class='ocrx_word' id='word_1_19' title='bbox 916 972 1026 1034; x_wconf 77' lang='grc' dir='ltr'>παθεῖν</span> <span class='ocrx_word' id='word_1_20' title='bbox 1052 973 1092 1056; x_wconf 82' lang='grc' dir='ltr'>μῆ</span> <span class='ocrx_word' id='word_1_21' title='bbox 1116 971 1170 1056; x_wconf 81' lang='grc' dir='ltr'>ἀφ’</span> <span class='ocrx_word' id='word_1_22' title='bbox 1194 971 1324 1049; x_wconf 80' lang='grc' dir='ltr'>ἑαυτοῦ,</span> <span class='ocrx_word' id='word_1_23' title='bbox 1351 969 1421 1036; x_wconf 83' lang='grc' dir='ltr'>ἀλλ’</span> 
     </span>
     <span class='ocr_line' id='line_1_4' title="bbox 309 1059 1422 1155; baseline -0.002 -21"><span class='ocrx_word' id='word_1_24' title='bbox 309 1059 383 1134; x_wconf 68' lang='grc' dir='ltr'>όπδ’</span> <span class='ocrx_word' id='word_1_25' title='bbox 403 1075 458 1134; x_wconf 84' lang='grc' dir='ltr'>τού</span> <span class='ocrx_word' id='word_1_26' title='bbox 492 1069 643 1152; x_wconf 79' lang='grc' dir='ltr'>πολεμίου</span> <span class='ocrx_word' id='word_1_27' title='bbox 671 1070 723 1132; x_wconf 80' lang='grc' dir='ltr'>καὶ</span> <span class='ocrx_word' id='word_1_28' title='bbox 757 1067 955 1155; x_wconf 78' lang='grc' dir='ltr'>μαχομένου,</span> <span class='ocrx_word' id='word_1_29' title='bbox 993 1071 1044 1134; x_wconf 87' lang='grc' dir='ltr'>καὶ</span> <span class='ocrx_word' id='word_1_30' title='bbox 1069 1071 1238 1152; x_wconf 87' lang='grc' dir='ltr'>ἀποστῆναι</span> <span class='ocrx_word' id='word_1_31' title='bbox 1268 1071 1323 1153; x_wconf 80' lang='grc' dir='ltr'>μὲν</span> <span class='ocrx_word' id='word_1_32' title='bbox 1353 1070 1422 1132; x_wconf 85' lang='grc' dir='ltr'>ἑαυ-</span> 
     </span>
     <span class='ocr_line' id='line_1_5' title="bbox 307 1167 1423 1253; baseline -0.003 -20"><span class='ocrx_word' id='word_1_33' title='bbox 307 1173 378 1247; x_wconf 85' lang='grc' dir='ltr'>τού,</span> <span class='ocrx_word' id='word_1_34' title='bbox 409 1167 553 1252; x_wconf 86' lang='grc' dir='ltr'>γενέσθαι</span> <span class='ocrx_word' id='word_1_35' title='bbox 584 1168 619 1232; x_wconf 80' lang='grc' dir='ltr'>δέ</span> <span class='ocrx_word' id='word_1_36' title='bbox 645 1168 722 1250; x_wconf 84' lang='grc' dir='ltr'>πρὸς</span> <span class='ocrx_word' id='word_1_37' title='bbox 751 1172 796 1253; x_wconf 76' lang='grc' dir='ltr'>τῷ</span> <span class='ocrx_word' id='word_1_38' title='bbox 824 1168 951 1253; x_wconf 75' lang='grc' dir='ltr'>χείρονι.</span> <span class='ocrx_word' id='word_1_39' title='bbox 1001 1173 1067 1238; x_wconf 86' lang='grc' dir='ltr'>πώς</span> <span class='ocrx_word' id='word_1_40' title='bbox 1097 1167 1132 1230; x_wconf 78' lang='grc' dir='ltr'>δέ</span> <span class='ocrx_word' id='word_1_41' title='bbox 1164 1167 1214 1230; x_wconf 82' lang='grc' dir='ltr'>καλ</span> <span class='ocrx_word' id='word_1_42' title='bbox 1245 1171 1304 1230; x_wconf 83' lang='grc' dir='ltr'>τών</span> <span class='ocrx_word' id='word_1_43' title='bbox 1339 1167 1423 1232; x_wconf 76' lang='grc' dir='ltr'>ἰδίων</span> 
     </span>
     <span class='ocr_line' id='line_1_6' title="bbox 307 1263 1456 1353; baseline -0.005 -23"><span class='ocrx_word' id='word_1_44' title='bbox 307 1269 493 1352; x_wconf 75' lang='grc' dir='ltr'>κεχώρισται</span> <span class='ocrx_word' id='word_1_45' title='bbox 522 1267 539 1330; x_wconf 91' lang='grc' dir='ltr'>ό</span> <span class='ocrx_word' id='word_1_46' title='bbox 566 1265 619 1349; x_wconf 75' lang='grc' dir='ltr'>τήν</span> <span class='ocrx_word' id='word_1_47' title='bbox 647 1266 792 1348; x_wconf 80' lang='grc' dir='ltr'>ἑνωτικὴν</span> <span class='ocrx_word' id='word_1_48' title='bbox 821 1264 911 1350; x_wconf 91' lang='grc' dir='ltr'>φύσιν</span> <span class='ocrx_word' id='word_1_49' title='bbox 941 1264 1038 1353; x_wconf 72' lang='grc' dir='ltr'>ἔχωνς</span> <span class='ocrx_word' id='word_1_50' title='bbox 1072 1265 1109 1330; x_wconf 84' lang='grc' dir='ltr'>τά</span> <span class='ocrx_word' id='word_1_51' title='bbox 1139 1267 1196 1350; x_wconf 82' lang='grc' dir='ltr'>γὰρ</span> <span class='ocrx_word' id='word_1_52' title='bbox 1225 1263 1303 1328; x_wconf 86' lang='grc' dir='ltr'>κατά</span> <span class='ocrx_word' id='word_1_53' title='bbox 1332 1264 1456 1348; x_wconf 76' lang='grc' dir='ltr'>φύσινύ</span> 
     </span>
     <span class='ocr_line' id='line_1_7' title="bbox 307 1361 1421 1449; baseline -0.004 -23"><span class='ocrx_word' id='word_1_54' title='bbox 307 1362 468 1449; x_wconf 73' lang='grc' dir='ltr'>πεφυκότα</span> <span class='ocrx_word' id='word_1_55' title='bbox 495 1363 683 1448; x_wconf 75' lang='grc' dir='ltr'>χωρίζεσθαι</span> <span class='ocrx_word' id='word_1_56' title='bbox 707 1363 825 1426; x_wconf 81' lang='grc' dir='ltr'>ἑαυτῶν</span> <span class='ocrx_word' id='word_1_57' title='bbox 849 1362 887 1426; x_wconf 85' lang='grc' dir='ltr'>ού</span> <span class='ocrx_word' id='word_1_58' title='bbox 909 1364 1055 1449; x_wconf 83' lang='grc' dir='ltr'>πέφυκεν.</span> <span class='ocrx_word' id='word_1_59' title='bbox 1100 1364 1186 1428; x_wconf 83' lang='grc' dir='ltr'>εί-δὲ</span> <span class='ocrx_word' id='word_1_60' title='bbox 1213 1361 1358 1446; x_wconf 84' lang='grc' dir='ltr'>ἀγένητον</span> <span class='ocrx_word' id='word_1_61' title='bbox 1385 1361 1421 1446; x_wconf 83' lang='grc' dir='ltr'>ήν</span> 
     </span>
     <span class='ocr_line' id='line_1_8' title="bbox 307 1459 1423 1548; baseline -0.002 -25"><span class='ocrx_word' id='word_1_62' title='bbox 307 1461 342 1524; x_wconf 92' lang='grc' dir='ltr'>τδ</span> <span class='ocrx_word' id='word_1_63' title='bbox 364 1465 431 1545; x_wconf 80' lang='grc' dir='ltr'>φώς</span> <span class='ocrx_word' id='word_1_64' title='bbox 449 1462 500 1524; x_wconf 87' lang='grc' dir='ltr'>καὶ</span> <span class='ocrx_word' id='word_1_65' title='bbox 519 1462 621 1544; x_wconf 82' lang='grc' dir='ltr'>ἤνυτο</span> <span class='ocrx_word' id='word_1_66' title='bbox 640 1467 685 1548; x_wconf 78' lang='grc' dir='ltr'>τῷ</span> <span class='ocrx_word' id='word_1_67' title='bbox 705 1461 854 1546; x_wconf 84' lang='grc' dir='ltr'>ἀγενήτιρ,</span> <span class='ocrx_word' id='word_1_68' title='bbox 872 1466 939 1530; x_wconf 81' lang='grc' dir='ltr'>πῶς</span> <span class='ocrx_word' id='word_1_69' title='bbox 952 1485 1026 1526; x_wconf 91' lang='grc' dir='ltr'>ποτε</span> <span class='ocrx_word' id='word_1_70' title='bbox 1039 1462 1232 1548; x_wconf 87' lang='grc' dir='ltr'>χωρισθῆναι</span> <span class='ocrx_word' id='word_1_71' title='bbox 1247 1459 1423 1542; x_wconf 73' lang='grc' dir='ltr'>δεδύνηταιγ</span> 
     </span>
     <span class='ocr_line' id='line_1_9' title="bbox 307 1556 1423 1643; baseline 0 -23"><span class='ocrx_word' id='word_1_72' title='bbox 307 1563 373 1628; x_wconf 84' lang='grc' dir='ltr'>πῶς</span> <span class='ocrx_word' id='word_1_73' title='bbox 402 1559 438 1622; x_wconf 78' lang='grc' dir='ltr'>δέ</span> <span class='ocrx_word' id='word_1_74' title='bbox 466 1559 683 1642; x_wconf 85' lang='grc' dir='ltr'>ἀπαλλαγῆναι</span> <span class='ocrx_word' id='word_1_75' title='bbox 710 1559 823 1622; x_wconf 74' lang='grc' dir='ltr'>ἑαυτοῦ</span> <span class='ocrx_word' id='word_1_76' title='bbox 850 1559 901 1622; x_wconf 78' lang='grc' dir='ltr'>καὶ</span> <span class='ocrx_word' id='word_1_77' title='bbox 923 1558 1067 1643; x_wconf 82' lang='grc' dir='ltr'>γενέσθαι</span> <span class='ocrx_word' id='word_1_78' title='bbox 1089 1559 1193 1643; x_wconf 82' lang='grc' dir='ltr'>ἕτερον</span> <span class='ocrx_word' id='word_1_79' title='bbox 1216 1557 1289 1643; x_wconf 85' lang='grc' dir='ltr'>παρ’</span> <span class='ocrx_word' id='word_1_80' title='bbox 1315 1556 1423 1633; x_wconf 73' lang='grc' dir='ltr'>έαυτός</span> 
     </span>
     <span class='ocr_line' id='line_1_10' title="bbox 309 1655 1424 1743; baseline 0.004 -24"><span class='ocrx_word' id='word_1_81' title='bbox 309 1657 336 1720; x_wconf 82' lang='grc' dir='ltr'>τί</span> <span class='ocrx_word' id='word_1_82' title='bbox 361 1655 418 1739; x_wconf 79' lang='grc' dir='ltr'>γὰρ</span> <span class='ocrx_word' id='word_1_83' title='bbox 450 1655 622 1741; x_wconf 79' lang='grc' dir='ltr'>ὑπηρέτησε</span> <span class='ocrx_word' id='word_1_84' title='bbox 654 1662 781 1742; x_wconf 75' lang='grc' dir='ltr'>πονηρῷ</span> <span class='ocrx_word' id='word_1_85' title='bbox 806 1657 858 1719; x_wconf 83' lang='grc' dir='ltr'>καὶ</span> <span class='ocrx_word' id='word_1_86' title='bbox 888 1657 1090 1743; x_wconf 79' lang='grc' dir='ltr'>βεβιασμένον</span> <span class='ocrx_word' id='word_1_87' title='bbox 1119 1657 1178 1720; x_wconf 90' lang='grc' dir='ltr'>ύπδ</span> <span class='ocrx_word' id='word_1_88' title='bbox 1202 1660 1256 1738; x_wconf 81' lang='grc' dir='ltr'>τῆς</span> <span class='ocrx_word' id='word_1_89' title='bbox 1276 1656 1424 1740; x_wconf 76' lang='grc' dir='ltr'>πονηρίας</span> 
     </span>
     <span class='ocr_line' id='line_1_11' title="bbox 308 1752 1475 1841; baseline -0.003 -24"><span class='ocrx_word' id='word_1_90' title='bbox 308 1756 415 1818; x_wconf 89' lang='grc' dir='ltr'>λοιπδν</span> <span class='ocrx_word' id='word_1_91' title='bbox 435 1754 472 1818; x_wconf 85' lang='grc' dir='ltr'>τά</span> <span class='ocrx_word' id='word_1_92' title='bbox 493 1754 642 1838; x_wconf 85' lang='grc' dir='ltr'>πονηρίας</span> <span class='ocrx_word' id='word_1_93' title='bbox 662 1752 768 1841; x_wconf 83' lang='grc' dir='ltr'>ήρεῖτο</span> <span class='ocrx_word' id='word_1_94' title='bbox 789 1756 840 1818; x_wconf 84' lang='grc' dir='ltr'>καὶ</span> <span class='ocrx_word' id='word_1_95' title='bbox 863 1753 994 1838; x_wconf 84' lang='grc' dir='ltr'>ἔπραττε</span> <span class='ocrx_word' id='word_1_96' title='bbox 1016 1755 1053 1818; x_wconf 86' lang='grc' dir='ltr'>τά</span> <span class='ocrx_word' id='word_1_97' title='bbox 1075 1754 1224 1838; x_wconf 83' lang='grc' dir='ltr'>πονηρίας</span> <span class='ocrx_word' id='word_1_98' title='bbox 1245 1754 1296 1816; x_wconf 85' lang='grc' dir='ltr'>καλ</span> <span class='ocrx_word' id='word_1_99' title='bbox 1318 1753 1422 1838; x_wconf 88' lang='grc' dir='ltr'>ήγνόει</span> <span class='ocrx_word' id='word_1_100' title='bbox 1442 1759 1475 1814; x_wconf 76' lang='grc'>10</span> 
     </span>
     <span class='ocr_line' id='line_1_12' title="bbox 309 1850 1422 1937; baseline -0.002 -23"><span class='ocrx_word' id='word_1_101' title='bbox 309 1853 363 1935; x_wconf 74' lang='grc' dir='ltr'>μὲν</span> <span class='ocrx_word' id='word_1_102' title='bbox 386 1852 478 1916; x_wconf 78' lang='grc' dir='ltr'>έαυτδ</span> <span class='ocrx_word' id='word_1_103' title='bbox 501 1853 552 1915; x_wconf 84' lang='grc' dir='ltr'>καὶ</span> <span class='ocrx_word' id='word_1_104' title='bbox 574 1851 675 1916; x_wconf 82' lang='grc' dir='ltr'>οὐκέτι</span> <span class='ocrx_word' id='word_1_105' title='bbox 698 1853 790 1916; x_wconf 85' lang='grc' dir='ltr'>ἑαυτδ</span> <span class='ocrx_word' id='word_1_106' title='bbox 813 1852 992 1937; x_wconf 74' lang='grc' dir='ltr'>ἐγνώριζεν,</span> <span class='ocrx_word' id='word_1_107' title='bbox 1021 1852 1092 1916; x_wconf 83' lang='grc' dir='ltr'>ἀλλ’</span> <span class='ocrx_word' id='word_1_108' title='bbox 1119 1851 1286 1934; x_wconf 79' lang='grc' dir='ltr'>ἐπιλῆσμυν</span> <span class='ocrx_word' id='word_1_109' title='bbox 1309 1850 1422 1914; x_wconf 81' lang='grc' dir='ltr'>ἑαυτοῦ</span> 
     </span>
     <span class='ocr_line' id='line_1_13' title="bbox 308 1946 1423 2036; baseline -0.004 -24"><span class='ocrx_word' id='word_1_110' title='bbox 308 1948 453 2032; x_wconf 81' lang='grc' dir='ltr'>ἐγεγόνει,</span> <span class='ocrx_word' id='word_1_111' title='bbox 476 1947 553 2036; x_wconf 81' lang='grc' dir='ltr'>ιβέτο</span> <span class='ocrx_word' id='word_1_112' title='bbox 569 1949 603 2012; x_wconf 80' lang='grc' dir='ltr'>δὲ</span> <span class='ocrx_word' id='word_1_113' title='bbox 619 1951 709 2014; x_wconf 83' lang='grc' dir='ltr'>ἑαυτδ</span> <span class='ocrx_word' id='word_1_114' title='bbox 730 1955 868 2014; x_wconf 80' lang='grc' dir='ltr'>τοιοῦτον</span> <span class='ocrx_word' id='word_1_115' title='bbox 890 1949 967 2013; x_wconf 79' lang='grc' dir='ltr'>εἶναι</span> <span class='ocrx_word' id='word_1_116' title='bbox 989 1948 1053 2012; x_wconf 83' lang='grc' dir='ltr'>οἶόν</span> <span class='ocrx_word' id='word_1_117' title='bbox 1076 1949 1138 2012; x_wconf 86' lang='grc' dir='ltr'>ἐστι</span> <span class='ocrx_word' id='word_1_118' title='bbox 1157 1950 1208 2012; x_wconf 81' lang='grc' dir='ltr'>καὶ</span> <span class='ocrx_word' id='word_1_119' title='bbox 1228 1951 1261 2011; x_wconf 90' lang='grc' dir='ltr'>τδ</span> <span class='ocrx_word' id='word_1_120' title='bbox 1277 1946 1423 2031; x_wconf 88' lang='grc' dir='ltr'>πονηρόν,</span> 
     </span>
     <span class='ocr_line' id='line_1_14' title="bbox 307 2045 1423 2133; baseline -0.001 -24"><span class='ocrx_word' id='word_1_121' title='bbox 307 2046 486 2132; x_wconf 89' lang='grc' dir='ltr'>μαχόμενος</span> <span class='ocrx_word' id='word_1_122' title='bbox 514 2049 684 2133; x_wconf 88' lang='grc' dir='ltr'>φανήσεται</span> <span class='ocrx_word' id='word_1_123' title='bbox 713 2049 730 2110; x_wconf 91' lang='grc' dir='ltr'>ό</span> <span class='ocrx_word' id='word_1_124' title='bbox 757 2047 858 2130; x_wconf 87' lang='grc' dir='ltr'>λόγος.</span> <span class='ocrx_word' id='word_1_125' title='bbox 904 2049 937 2111; x_wconf 93' lang='grc' dir='ltr'>τδ</span> <span class='ocrx_word' id='word_1_126' title='bbox 966 2047 1023 2130; x_wconf 87' lang='grc' dir='ltr'>γάρ</span> <span class='ocrx_word' id='word_1_127' title='bbox 1054 2045 1198 2130; x_wconf 84' lang='grc' dir='ltr'>ἀγένητον</span> <span class='ocrx_word' id='word_1_128' title='bbox 1232 2045 1303 2108; x_wconf 89' lang='grc' dir='ltr'>ούτε</span> <span class='ocrx_word' id='word_1_129' title='bbox 1330 2045 1423 2108; x_wconf 83' lang='grc' dir='ltr'>ἑαυτὸ</span> 
     </span>
     <span class='ocr_line' id='line_1_15' title="bbox 307 2142 1423 2229; baseline -0.004 -21"><span class='ocrx_word' id='word_1_130' title='bbox 307 2146 415 2227; x_wconf 83' lang='grc' dir='ltr'>ἀγνοεῖ</span> <span class='ocrx_word' id='word_1_131' title='bbox 432 2143 503 2208; x_wconf 88' lang='grc' dir='ltr'>υύτε</span> <span class='ocrx_word' id='word_1_132' title='bbox 525 2143 610 2209; x_wconf 78' lang='grc' dir='ltr'>ἔσται</span> <span class='ocrx_word' id='word_1_133' title='bbox 628 2146 732 2228; x_wconf 74' lang='grc' dir='ltr'>ἕτερον</span> <span class='ocrx_word' id='word_1_134' title='bbox 749 2146 823 2229; x_wconf 81' lang='grc' dir='ltr'>παρ’</span> <span class='ocrx_word' id='word_1_135' title='bbox 838 2143 945 2225; x_wconf 78' lang='grc' dir='ltr'>ἑαυτό,</span> <span class='ocrx_word' id='word_1_136' title='bbox 965 2144 1044 2208; x_wconf 84' lang='grc' dir='ltr'>ἀλλά</span> <span class='ocrx_word' id='word_1_137' title='bbox 1057 2149 1194 2208; x_wconf 82' lang='grc' dir='ltr'>τοιοῦτον</span> <span class='ocrx_word' id='word_1_138' title='bbox 1208 2143 1345 2226; x_wconf 85' lang='grc' dir='ltr'>διαμένει</span> <span class='ocrx_word' id='word_1_139' title='bbox 1358 2142 1423 2204; x_wconf 89' lang='grc' dir='ltr'>οίον</span> 
     </span>
     <span class='ocr_line' id='line_1_16' title="bbox 305 2239 1474 2327; baseline 0.002 -22"><span class='ocrx_word' id='word_1_140' title='bbox 305 2242 343 2327; x_wconf 85' lang='grc' dir='ltr'>ήν</span> <span class='ocrx_word' id='word_1_141' title='bbox 373 2243 424 2326; x_wconf 85' lang='grc' dir='ltr'>καὶ</span> <span class='ocrx_word' id='word_1_142' title='bbox 456 2241 606 2306; x_wconf 82' lang='grc' dir='ltr'>οὐδέποτε</span> <span class='ocrx_word' id='word_1_143' title='bbox 639 2243 751 2306; x_wconf 78' lang='grc' dir='ltr'>ἑαυτοῦ</span> <span class='ocrx_word' id='word_1_144' title='bbox 783 2243 1049 2326; x_wconf 80' lang='grc' dir='ltr'>ἀπαλλαγήσεται,</span> <span class='ocrx_word' id='word_1_145' title='bbox 1082 2241 1232 2306; x_wconf 83' lang='grc' dir='ltr'>οὐδέποτε</span> <span class='ocrx_word' id='word_1_146' title='bbox 1261 2246 1314 2304; x_wconf 82' lang='grc' dir='ltr'>τοῦ</span> <span class='ocrx_word' id='word_1_147' title='bbox 1346 2239 1423 2302; x_wconf 73' lang='grc' dir='ltr'>εἶναι</span> <span class='ocrx_word' id='word_1_148' title='bbox 1442 2251 1474 2306; x_wconf 72' lang='lat'>15</span> 
     </span>
     <span class='ocr_line' id='line_1_17' title="bbox 307 2337 1424 2427; baseline -0.004 -23"><span class='ocrx_word' id='word_1_149' title='bbox 307 2342 487 2426; x_wconf 74' lang='grc' dir='ltr'>ἀρξάμενον.</span> <span class='ocrx_word' id='word_1_150' title='bbox 528 2340 597 2404; x_wconf 86' lang='grc' dir='ltr'>ἀλλ’</span> <span class='ocrx_word' id='word_1_151' title='bbox 620 2340 726 2426; x_wconf 79' lang='grc' dir='ltr'>ἐπειδὴ</span> <span class='ocrx_word' id='word_1_152' title='bbox 750 2343 877 2427; x_wconf 88' lang='grc' dir='ltr'>γραώδη</span> <span class='ocrx_word' id='word_1_153' title='bbox 898 2341 949 2404; x_wconf 85' lang='grc' dir='ltr'>καὶ</span> <span class='ocrx_word' id='word_1_154' title='bbox 970 2341 1098 2424; x_wconf 89' lang='grc' dir='ltr'>μυδώδη</span> <span class='ocrx_word' id='word_1_155' title='bbox 1120 2338 1314 2424; x_wconf 88' lang='grc' dir='ltr'>φθέγγονται,</span> <span class='ocrx_word' id='word_1_156' title='bbox 1352 2337 1424 2401; x_wconf 85' lang='grc' dir='ltr'>ούτε</span> 
     </span>
     <span class='ocr_line' id='line_1_18' title="bbox 307 2435 1424 2525; baseline -0.004 -24"><span class='ocrx_word' id='word_1_157' title='bbox 307 2437 491 2521; x_wconf 82' lang='grc' dir='ltr'>ἀλέγουσιν</span> <span class='ocrx_word' id='word_1_158' title='bbox 518 2436 650 2517; x_wconf 74' lang='grc' dir='ltr'>εἰδότες,</span> <span class='ocrx_word' id='word_1_159' title='bbox 680 2439 748 2503; x_wconf 77' lang='grc' dir='ltr'>ἀλλ’</span> <span class='ocrx_word' id='word_1_160' title='bbox 778 2441 834 2525; x_wconf 84' lang='grc' dir='ltr'>ἀφ’</span> <span class='ocrx_word' id='word_1_161' title='bbox 862 2440 905 2502; x_wconf 89' lang='grc' dir='ltr'>ών</span> <span class='ocrx_word' id='word_1_162' title='bbox 940 2437 1064 2521; x_wconf 84' lang='grc' dir='ltr'>λέγουσι</span> <span class='ocrx_word' id='word_1_163' title='bbox 1087 2437 1339 2519; x_wconf 80' lang='grc' dir='ltr'>δυσωπούμενοι,</span> <span class='ocrx_word' id='word_1_164' title='bbox 1372 2435 1424 2497; x_wconf 84' lang='grc' dir='ltr'>καὶ</span> 
     </span>
     <span class='ocr_line' id='line_1_19' title="bbox 306 2529 1424 2622; baseline -0.004 -23"><span class='ocrx_word' id='word_1_165' title='bbox 306 2529 396 2600; x_wconf 81' lang='grc' dir='ltr'>τοῦτο</span> <span class='ocrx_word' id='word_1_166' title='bbox 418 2538 694 2621; x_wconf 84' lang='grc' dir='ltr'>προ[σ]γράψωμεν</span> <span class='ocrx_word' id='word_1_167' title='bbox 710 2541 755 2622; x_wconf 77' lang='grc' dir='ltr'>τῷ</span> <span class='ocrx_word' id='word_1_168' title='bbox 771 2535 864 2622; x_wconf 90' lang='grc' dir='ltr'>λόγιρ.</span> <span class='ocrx_word' id='word_1_169' title='bbox 893 2536 1026 2622; x_wconf 76' lang='grc' dir='ltr'>ἠδύνατο</span> <span class='ocrx_word' id='word_1_170' title='bbox 1042 2539 1076 2602; x_wconf 89' lang='grc' dir='ltr'>τδ</span> <span class='ocrx_word' id='word_1_171' title='bbox 1090 2539 1157 2620; x_wconf 81' lang='grc' dir='ltr'>φῶς</span> <span class='ocrx_word' id='word_1_172' title='bbox 1170 2534 1360 2620; x_wconf 88' lang='grc' dir='ltr'>ἀμειφθῆναι</span> <span class='ocrx_word' id='word_1_173' title='bbox 1373 2533 1424 2598; x_wconf 80' lang='grc' dir='ltr'>καὶ</span> 
     </span>
     <span class='ocr_line' id='line_1_20' title="bbox 308 2631 1424 2718; baseline -0.002 -22"><span class='ocrx_word' id='word_1_174' title='bbox 308 2634 411 2717; x_wconf 79' lang='grc' dir='ltr'>ἕτερον</span> <span class='ocrx_word' id='word_1_175' title='bbox 434 2635 508 2717; x_wconf 78' lang='grc' dir='ltr'>παρ’</span> <span class='ocrx_word' id='word_1_176' title='bbox 532 2634 625 2698; x_wconf 81' lang='grc' dir='ltr'>ἑαυτὸ</span> <span class='ocrx_word' id='word_1_177' title='bbox 649 2633 792 2717; x_wconf 83' lang='grc' dir='ltr'>γενέσθαι</span> <span class='ocrx_word' id='word_1_178' title='bbox 820 2636 870 2698; x_wconf 79' lang='grc' dir='ltr'>καλ</span> <span class='ocrx_word' id='word_1_179' title='bbox 897 2634 1041 2718; x_wconf 88' lang='grc' dir='ltr'>γενέσθαι</span> <span class='ocrx_word' id='word_1_180' title='bbox 1062 2635 1138 2718; x_wconf 85' lang='grc' dir='ltr'>πρὸς</span> <span class='ocrx_word' id='word_1_181' title='bbox 1160 2638 1198 2717; x_wconf 81' lang='grc' dir='ltr'>πή</span> <span class='ocrx_word' id='word_1_182' title='bbox 1220 2631 1352 2716; x_wconf 77' lang='grc' dir='ltr'>πονηρίᾳ</span> <span class='ocrx_word' id='word_1_183' title='bbox 1374 2632 1424 2694; x_wconf 83' lang='grc' dir='ltr'>καὶ</span> 
     </span>
     <span class='ocr_line' id='line_1_21' title="bbox 308 2729 1475 2815; baseline 0.001 -22"><span class='ocrx_word' id='word_1_184' title='bbox 308 2731 421 2794; x_wconf 79' lang='grc' dir='ltr'>ἑαυτοῦ</span> <span class='ocrx_word' id='word_1_185' title='bbox 447 2731 502 2813; x_wconf 84' lang='grc' dir='ltr'>μὲν</span> <span class='ocrx_word' id='word_1_186' title='bbox 524 2730 738 2808; x_wconf 72' lang='grc' dir='ltr'>ἐπιλαθέσθαι,</span> <span class='ocrx_word' id='word_1_187' title='bbox 761 2736 889 2815; x_wconf 89' lang='grc' dir='ltr'>ποιῆσαι</span> <span class='ocrx_word' id='word_1_188' title='bbox 907 2733 943 2796; x_wconf 81' lang='grc' dir='ltr'>δὲ</span> <span class='ocrx_word' id='word_1_189' title='bbox 963 2732 1022 2796; x_wconf 82' lang='grc' dir='ltr'>ὅσα</span> <span class='ocrx_word' id='word_1_190' title='bbox 1042 2733 1060 2814; x_wconf 81' lang='grc' dir='ltr'>ἡ</span> <span class='ocrx_word' id='word_1_191' title='bbox 1082 2730 1214 2814; x_wconf 89' lang='grc' dir='ltr'>πονηρία</span> <span class='ocrx_word' id='word_1_192' title='bbox 1231 2734 1326 2792; x_wconf 85' lang='grc' dir='ltr'>ποιεῖ·</span> <span class='ocrx_word' id='word_1_193' title='bbox 1351 2729 1422 2814; x_wconf 82' lang='grc' dir='ltr'>ήδύ-</span> <span class='ocrx_word' id='word_1_194' title='bbox 1440 2739 1475 2794; x_wconf 67' lang='lat' dir='ltr'><em>w</em></span> 
     </span>
     <span class='ocr_line' id='line_1_22' title="bbox 307 2827 1423 2913; baseline -0.001 -22"><span class='ocrx_word' id='word_1_195' title='bbox 307 2850 396 2891; x_wconf 88' lang='grc' dir='ltr'>ναντο</span> <span class='ocrx_word' id='word_1_196' title='bbox 425 2828 476 2890; x_wconf 80' lang='grc' dir='ltr'>καλ</span> <span class='ocrx_word' id='word_1_197' title='bbox 502 2828 532 2888; x_wconf 83' lang='grc' dir='ltr'>οἱ</span> <span class='ocrx_word' id='word_1_198' title='bbox 558 2832 612 2911; x_wconf 85' lang='grc' dir='ltr'>τῆς</span> <span class='ocrx_word' id='word_1_199' title='bbox 636 2829 785 2912; x_wconf 90' lang='grc' dir='ltr'>πονηρίας</span> <span class='ocrx_word' id='word_1_200' title='bbox 810 2827 959 2913; x_wconf 83' lang='grc' dir='ltr'>ἄρχοντες</span> <span class='ocrx_word' id='word_1_201' title='bbox 985 2833 1074 2892; x_wconf 87' lang='grc' dir='ltr'>τούτο</span> <span class='ocrx_word' id='word_1_202' title='bbox 1099 2827 1209 2892; x_wconf 83' lang='grc' dir='ltr'>παθεῖν</span> <span class='ocrx_word' id='word_1_203' title='bbox 1233 2828 1423 2910; x_wconf 81' lang='grc' dir='ltr'>καὶμᾶλλον</span> 
     </span>
     <span class='ocr_line' id='line_1_23' title="bbox 309 2924 1424 3011; baseline 0 -25"><span class='ocrx_word' id='word_1_204' title='bbox 309 2924 558 3011; x_wconf 84' lang='grc' dir='ltr'>μεταβάλλεσθαι</span> <span class='ocrx_word' id='word_1_205' title='bbox 586 2924 635 2988; x_wconf 82' lang='grc' dir='ltr'>ἐπὶ</span> <span class='ocrx_word' id='word_1_206' title='bbox 661 2926 694 2988; x_wconf 88' lang='grc' dir='ltr'>τδ</span> <span class='ocrx_word' id='word_1_207' title='bbox 715 2925 826 2989; x_wconf 88' lang='grc' dir='ltr'>καλόν·</span> <span class='ocrx_word' id='word_1_208' title='bbox 860 2925 1026 3010; x_wconf 85' lang='grc' dir='ltr'>ίσχυούσης</span> <span class='ocrx_word' id='word_1_209' title='bbox 1048 2926 1084 2988; x_wconf 81' lang='grc' dir='ltr'>δέ</span> <span class='ocrx_word' id='word_1_210' title='bbox 1105 2929 1158 3008; x_wconf 84' lang='grc' dir='ltr'>τῆς</span> <span class='ocrx_word' id='word_1_211' title='bbox 1178 2926 1351 3009; x_wconf 80' lang='grc' dir='ltr'>μεταβολῆς</span> <span class='ocrx_word' id='word_1_212' title='bbox 1373 2925 1424 2988; x_wconf 79' lang='grc' dir='ltr'>καὶ</span> 
     </span>
     <span class='ocr_line' id='line_1_24' title="bbox 308 3021 1425 3107; baseline 0 -23"><span class='ocrx_word' id='word_1_213' title='bbox 308 3021 480 3106; x_wconf 80' lang='grc' dir='ltr'>δυναμένης</span> <span class='ocrx_word' id='word_1_214' title='bbox 504 3026 558 3105; x_wconf 89' lang='grc' dir='ltr'>τῆς</span> <span class='ocrx_word' id='word_1_215' title='bbox 582 3022 826 3103; x_wconf 90' lang='grc' dir='ltr'>ἀλ[λ]οιώσεως,</span> <span class='ocrx_word' id='word_1_216' title='bbox 858 3027 925 3091; x_wconf 85' lang='grc' dir='ltr'>πῶς</span> <span class='ocrx_word' id='word_1_217' title='bbox 948 3023 1004 3088; x_wconf 75' lang='grc' dir='ltr'>οὐκ</span> <span class='ocrx_word' id='word_1_218' title='bbox 1028 3023 1150 3107; x_wconf 81' lang='grc' dir='ltr'>ἄμεινον</span> <span class='ocrx_word' id='word_1_219' title='bbox 1172 3021 1209 3107; x_wconf 80' lang='grc' dir='ltr'>ῆν</span> <span class='ocrx_word' id='word_1_220' title='bbox 1232 3027 1295 3090; x_wconf 87' lang='grc' dir='ltr'>τοῖς</span> <span class='ocrx_word' id='word_1_221' title='bbox 1319 3025 1425 3090; x_wconf 82' lang='grc' dir='ltr'>κακοῖς</span> 
     </span>
     <span class='ocr_line' id='line_1_25' title="bbox 309 3119 1423 3207; baseline -0.002 -25"><span class='ocrx_word' id='word_1_222' title='bbox 309 3122 426 3205; x_wconf 81' lang='grc' dir='ltr'>μᾶλλον</span> <span class='ocrx_word' id='word_1_223' title='bbox 456 3120 507 3184; x_wconf 84' lang='grc' dir='ltr'>ἐπὶ</span> <span class='ocrx_word' id='word_1_224' title='bbox 536 3122 589 3204; x_wconf 84' lang='grc' dir='ltr'>τῆν</span> <span class='ocrx_word' id='word_1_225' title='bbox 619 3122 728 3205; x_wconf 79' lang='grc' dir='ltr'>ἀρετήν</span> <span class='ocrx_word' id='word_1_226' title='bbox 761 3121 992 3207; x_wconf 75' lang='grc' dir='ltr'>μεταβληθῆναι</span> <span class='ocrx_word' id='word_1_227' title='bbox 1020 3123 1039 3207; x_wconf 86' lang='grc' dir='ltr'>ῆ</span> <span class='ocrx_word' id='word_1_228' title='bbox 1067 3127 1135 3190; x_wconf 84' lang='grc' dir='ltr'>τοῖς,</span> <span class='ocrx_word' id='word_1_229' title='bbox 1158 3122 1265 3188; x_wconf 83' lang='grc' dir='ltr'>καλοῖς</span> <span class='ocrx_word' id='word_1_230' title='bbox 1293 3119 1343 3182; x_wconf 81' lang='grc' dir='ltr'>ἐπὶ</span> <span class='ocrx_word' id='word_1_231' title='bbox 1370 3120 1423 3201; x_wconf 83' lang='grc' dir='ltr'>τὴν</span> 
     </span>
     <span class='ocr_line' id='line_1_26' title="bbox 307 3215 1475 3304; baseline -0.002 -24"><span class='ocrx_word' id='word_1_232' title='bbox 307 3218 431 3294; x_wconf 70' lang='grc' dir='ltr'>κακίαις</span> <span class='ocrx_word' id='word_1_233' title='bbox 453 3223 520 3288; x_wconf 85' lang='grc' dir='ltr'>πώς</span> <span class='ocrx_word' id='word_1_234' title='bbox 538 3219 573 3282; x_wconf 84' lang='grc' dir='ltr'>δὲ</span> <span class='ocrx_word' id='word_1_235' title='bbox 592 3219 643 3282; x_wconf 82' lang='grc' dir='ltr'>καὶ</span> <span class='ocrx_word' id='word_1_236' title='bbox 664 3217 814 3303; x_wconf 87' lang='grc' dir='ltr'>η’νέσχετο</span> <span class='ocrx_word' id='word_1_237' title='bbox 839 3219 948 3288; x_wconf 86' lang='grc' dir='ltr'>δθεδς</span> <span class='ocrx_word' id='word_1_238' title='bbox 966 3221 1016 3284; x_wconf 88' lang='grc' dir='ltr'>καὶ</span> <span class='ocrx_word' id='word_1_239' title='bbox 1038 3218 1196 3304; x_wconf 76' lang='grc' dir='ltr'>ληφθῆναι</span> <span class='ocrx_word' id='word_1_240' title='bbox 1214 3218 1247 3280; x_wconf 88' lang='grc' dir='ltr'>τὸ</span> <span class='ocrx_word' id='word_1_241' title='bbox 1270 3222 1336 3303; x_wconf 84' lang='grc' dir='ltr'>φῶς</span> <span class='ocrx_word' id='word_1_242' title='bbox 1356 3215 1423 3279; x_wconf 80' lang='grc' dir='ltr'>ἐπέ·</span> <span class='ocrx_word' id='word_1_243' title='bbox 1440 3225 1475 3282; x_wconf 66' lang='grc' dir='ltr'>δυ</span> 
     </span>
     <span class='ocr_line' id='line_1_27' title="bbox 307 3313 1424 3402; baseline 0.002 -25"><span class='ocrx_word' id='word_1_244' title='bbox 307 3323 416 3402; x_wconf 80' lang='grc' dir='ltr'>τρεψε;</span> <span class='ocrx_word' id='word_1_245' title='bbox 438 3322 505 3385; x_wconf 84' lang='grc' dir='ltr'>πῶς</span> <span class='ocrx_word' id='word_1_246' title='bbox 526 3316 563 3380; x_wconf 86' lang='grc' dir='ltr'>ού</span> <span class='ocrx_word' id='word_1_247' title='bbox 586 3318 743 3380; x_wconf 80' lang='grc' dir='ltr'>κεκώλυκε</span> <span class='ocrx_word' id='word_1_248' title='bbox 762 3317 815 3399; x_wconf 80' lang='grc' dir='ltr'>τήν</span> <span class='ocrx_word' id='word_1_249' title='bbox 836 3317 950 3402; x_wconf 76' lang='grc' dir='ltr'>όρμήνι</span> <span class='ocrx_word' id='word_1_250' title='bbox 974 3321 1040 3386; x_wconf 83' lang='grc' dir='ltr'>πώς</span> <span class='ocrx_word' id='word_1_251' title='bbox 1058 3316 1095 3380; x_wconf 88' lang='grc' dir='ltr'>τά</span> <span class='ocrx_word' id='word_1_252' title='bbox 1116 3313 1179 3379; x_wconf 85' lang='grc' dir='ltr'>ἴδια</span> <span class='ocrx_word' id='word_1_253' title='bbox 1201 3313 1257 3378; x_wconf 81' lang='grc' dir='ltr'>οὐκ</span> <span class='ocrx_word' id='word_1_254' title='bbox 1278 3314 1424 3398; x_wconf 78' lang='grc' dir='ltr'>ἐτήρησες</span> 
     </span>
     <span class='ocr_line' id='line_1_28' title="bbox 307 3411 1424 3499; baseline -0.002 -23"><span class='ocrx_word' id='word_1_255' title='bbox 307 3418 373 3483; x_wconf 82' lang='grc' dir='ltr'>πῶς</span> <span class='ocrx_word' id='word_1_256' title='bbox 396 3414 431 3477; x_wconf 81' lang='grc' dir='ltr'>δὲ</span> <span class='ocrx_word' id='word_1_257' title='bbox 455 3414 531 3498; x_wconf 79' lang='grc' dir='ltr'>μετὰ</span> <span class='ocrx_word' id='word_1_258' title='bbox 552 3414 585 3477; x_wconf 90' lang='grc' dir='ltr'>τδ</span> <span class='ocrx_word' id='word_1_259' title='bbox 609 3412 818 3499; x_wconf 83' lang='grc' dir='ltr'>ἀφαιρεθῆναι</span> <span class='ocrx_word' id='word_1_260' title='bbox 836 3413 983 3498; x_wconf 92' lang='grc' dir='ltr'>πρόνοιαν</span> <span class='ocrx_word' id='word_1_261' title='bbox 1006 3419 1065 3478; x_wconf 86' lang='grc' dir='ltr'>τῶν</span> <span class='ocrx_word' id='word_1_262' title='bbox 1087 3411 1318 3498; x_wconf 84' lang='grc' dir='ltr'>ἀφαιρεθέντων</span> <span class='ocrx_word' id='word_1_263' title='bbox 1338 3414 1424 3496; x_wconf 88' lang='grc' dir='ltr'>ποιή-</span> 
     </span>
     <span class='ocr_line' id='line_1_29' title="bbox 309 3510 1424 3598; baseline -0.002 -24"><span class='ocrx_word' id='word_1_264' title='bbox 309 3512 424 3574; x_wconf 93' lang='grc' dir='ltr'>σασθαι</span> <span class='ocrx_word' id='word_1_265' title='bbox 437 3511 473 3574; x_wconf 87' lang='grc' dir='ltr'>ού</span> <span class='ocrx_word' id='word_1_266' title='bbox 489 3511 689 3597; x_wconf 75' lang='grc' dir='ltr'>βεβούληταις</span> <span class='ocrx_word' id='word_1_267' title='bbox 710 3516 777 3580; x_wconf 84' lang='grc' dir='ltr'>πώς</span> <span class='ocrx_word' id='word_1_268' title='bbox 789 3511 826 3576; x_wconf 90' lang='grc' dir='ltr'>ού</span> <span class='ocrx_word' id='word_1_269' title='bbox 839 3513 1005 3598; x_wconf 87' lang='grc' dir='ltr'>προλαβών</span> <span class='ocrx_word' id='word_1_270' title='bbox 1028 3511 1142 3597; x_wconf 80' lang='grc' dir='ltr'>ἐπέσχε</span> <span class='ocrx_word' id='word_1_271' title='bbox 1155 3512 1208 3595; x_wconf 82' lang='grc' dir='ltr'>τήν</span> <span class='ocrx_word' id='word_1_272' title='bbox 1222 3510 1424 3596; x_wconf 74' lang='grc' dir='ltr'>ἐπιχείρησινι</span> 
     </span>
     <span class='ocr_line' id='line_1_30' title="bbox 307 3608 1424 3694; baseline 0 -22"><span class='ocrx_word' id='word_1_273' title='bbox 307 3614 374 3677; x_wconf 81' lang='grc' dir='ltr'>πώς</span> <span class='ocrx_word' id='word_1_274' title='bbox 386 3610 502 3691; x_wconf 83' lang='grc' dir='ltr'>μᾶλλον</span> <span class='ocrx_word' id='word_1_275' title='bbox 514 3610 658 3674; x_wconf 90' lang='grc' dir='ltr'>ἀνάλωτα</span> <span class='ocrx_word' id='word_1_276' title='bbox 670 3609 707 3672; x_wconf 86' lang='grc' dir='ltr'>ού</span> <span class='ocrx_word' id='word_1_277' title='bbox 720 3611 895 3694; x_wconf 81' lang='grc' dir='ltr'>τετήρηκεν,</span> <span class='ocrx_word' id='word_1_278' title='bbox 905 3609 984 3674; x_wconf 88' lang='grc' dir='ltr'>ἀλλά</span> <span class='ocrx_word' id='word_1_279' title='bbox 996 3609 1111 3674; x_wconf 84' lang='grc' dir='ltr'>ἁλόντα</span> <span class='ocrx_word' id='word_1_280' title='bbox 1121 3610 1171 3672; x_wconf 80' lang='grc' dir='ltr'>καὶ</span> <span class='ocrx_word' id='word_1_281' title='bbox 1183 3608 1341 3694; x_wconf 85' lang='grc' dir='ltr'>ληφθέντα</span> <span class='ocrx_word' id='word_1_282' title='bbox 1353 3610 1424 3694; x_wconf 88' lang='grc' dir='ltr'>βοη-</span> 
     </span>
     <span class='ocr_line' id='line_1_31' title="bbox 309 3705 1477 3790; baseline 0.003 -22"><span class='ocrx_word' id='word_1_283' title='bbox 309 3705 379 3789; x_wconf 76' lang='grc' dir='ltr'>θεία</span> <span class='ocrx_word' id='word_1_284' title='bbox 392 3705 428 3768; x_wconf 88' lang='grc' dir='ltr'>ού</span> <span class='ocrx_word' id='word_1_285' title='bbox 440 3707 597 3790; x_wconf 89' lang='grc' dir='ltr'>τετίμηκεν</span> <span class='ocrx_word' id='word_1_286' title='bbox 604 3731 614 3782; x_wconf 77' lang='lat'>3</span> <span class='ocrx_word' id='word_1_287' title='bbox 626 3708 654 3770; x_wconf 79' lang='grc' dir='ltr'>εἰ</span> <span class='ocrx_word' id='word_1_288' title='bbox 667 3708 721 3790; x_wconf 75' lang='grc' dir='ltr'>μὲν</span> <span class='ocrx_word' id='word_1_289' title='bbox 734 3705 836 3770; x_wconf 79' lang='grc' dir='ltr'>εἴασεν</span> <span class='ocrx_word' id='word_1_290' title='bbox 848 3705 896 3768; x_wconf 84' lang='grc' dir='ltr'>ίνα</span> <span class='ocrx_word' id='word_1_291' title='bbox 906 3708 939 3770; x_wconf 89' lang='grc' dir='ltr'>τδ</span> <span class='ocrx_word' id='word_1_292' title='bbox 951 3711 1018 3790; x_wconf 84' lang='grc' dir='ltr'>φῶς</span> <span class='ocrx_word' id='word_1_293' title='bbox 1029 3705 1193 3790; x_wconf 90' lang='grc' dir='ltr'>γενόμενον</span> <span class='ocrx_word' id='word_1_294' title='bbox 1205 3705 1236 3770; x_wconf 79' lang='grc' dir='ltr'>ἐν</span> <span class='ocrx_word' id='word_1_295' title='bbox 1246 3711 1309 3775; x_wconf 90' lang='grc' dir='ltr'>τοῖς</span> <span class='ocrx_word' id='word_1_296' title='bbox 1319 3710 1425 3774; x_wconf 84' lang='grc' dir='ltr'>κακοῖς</span> <span class='ocrx_word' id='word_1_297' title='bbox 1442 3716 1477 3772; x_wconf 74' lang='grc'>30</span> 
     </span>
     <span class='ocr_line' id='line_1_32' title="bbox 310 3803 1424 3889; baseline 0.001 -24"><span class='ocrx_word' id='word_1_298' title='bbox 310 3803 469 3888; x_wconf 88' lang='grc' dir='ltr'>μεταβάλη</span> <span class='ocrx_word' id='word_1_299' title='bbox 488 3803 525 3866; x_wconf 88' lang='grc' dir='ltr'>τά</span> <span class='ocrx_word' id='word_1_300' title='bbox 538 3805 629 3880; x_wconf 90' lang='grc' dir='ltr'>κακά,</span> <span class='ocrx_word' id='word_1_301' title='bbox 649 3809 692 3873; x_wconf 86' lang='grc' dir='ltr'>ώς</span> <span class='ocrx_word' id='word_1_302' title='bbox 705 3803 883 3888; x_wconf 86' lang='grc' dir='ltr'>δυναμένων</span> <span class='ocrx_word' id='word_1_303' title='bbox 899 3805 1148 3889; x_wconf 84' lang='grc' dir='ltr'>μεταβάλλεσθαι</span> <span class='ocrx_word' id='word_1_304' title='bbox 1162 3808 1221 3868; x_wconf 83' lang='grc' dir='ltr'>τῶν</span> <span class='ocrx_word' id='word_1_305' title='bbox 1237 3807 1350 3880; x_wconf 87' lang='grc' dir='ltr'>κακῶν,</span> <span class='ocrx_word' id='word_1_306' title='bbox 1375 3803 1424 3866; x_wconf 88' lang='grc' dir='ltr'>ού-</span> 
     </span>
     <span class='ocr_line' id='line_1_33' title="bbox 309 3899 1425 3987; baseline -0.001 -23"><span class='ocrx_word' id='word_1_307' title='bbox 309 3899 372 3964; x_wconf 86' lang='grc' dir='ltr'>κέτι</span> <span class='ocrx_word' id='word_1_308' title='bbox 392 3900 429 3964; x_wconf 89' lang='grc' dir='ltr'>τά</span> <span class='ocrx_word' id='word_1_309' title='bbox 448 3901 527 3964; x_wconf 87' lang='grc' dir='ltr'>κακά</span> <span class='ocrx_word' id='word_1_310' title='bbox 548 3903 679 3986; x_wconf 89' lang='grc' dir='ltr'>φυσικά,</span> <span class='ocrx_word' id='word_1_311' title='bbox 699 3902 855 3985; x_wconf 89' lang='grc' dir='ltr'>δυνάμενα</span> <span class='ocrx_word' id='word_1_312' title='bbox 875 3902 1141 3987; x_wconf 80' lang='grc' dir='ltr'>μεταβάλλεσθαι,</span> <span class='ocrx_word' id='word_1_313' title='bbox 1163 3903 1224 3966; x_wconf 83' lang='grc' dir='ltr'>ἀπὸ</span> <span class='ocrx_word' id='word_1_314' title='bbox 1244 3905 1304 3964; x_wconf 85' lang='grc' dir='ltr'>τών</span> <span class='ocrx_word' id='word_1_315' title='bbox 1323 3905 1425 3964; x_wconf 84' lang='grc' dir='ltr'>κακῶν</span> 
     </span>
     <span class='ocr_line' id='line_1_34' title="bbox 310 3996 1424 4086; baseline 0 -26"><span class='ocrx_word' id='word_1_316' title='bbox 310 3996 455 4083; x_wconf 84' lang='grc' dir='ltr'>ἐνέχυρον</span> <span class='ocrx_word' id='word_1_317' title='bbox 467 3998 520 4081; x_wconf 78' lang='grc' dir='ltr'>τὴν</span> <span class='ocrx_word' id='word_1_318' title='bbox 533 4001 706 4086; x_wconf 77' lang='grc' dir='ltr'>μεταβολήν</span> <span class='ocrx_word' id='word_1_319' title='bbox 720 3998 798 4064; x_wconf 81' lang='grc' dir='ltr'>κατὰ</span> <span class='ocrx_word' id='word_1_320' title='bbox 808 4004 861 4083; x_wconf 85' lang='grc' dir='ltr'>τῆς</span> <span class='ocrx_word' id='word_1_321' title='bbox 872 3999 996 4084; x_wconf 84' lang='grc' dir='ltr'>φύσεως</span> <span class='ocrx_word' id='word_1_322' title='bbox 1008 4001 1168 4085; x_wconf 86' lang='grc' dir='ltr'>λαμβάνει.</span> <span class='ocrx_word' id='word_1_323' title='bbox 1193 4002 1220 4064; x_wconf 85' lang='grc' dir='ltr'>εί</span> <span class='ocrx_word' id='word_1_324' title='bbox 1234 4000 1268 4062; x_wconf 84' lang='grc' dir='ltr'>δὲ</span> <span class='ocrx_word' id='word_1_325' title='bbox 1278 3998 1424 4082; x_wconf 78' lang='grc' dir='ltr'>ἠπίστατο</span> 
     </span>
    </p>
   </div>
   <div class='ocr_carea' id='block_1_3' title="bbox 248 4094 1476 4670">
    <p class='ocr_par' dir='ltr' id='par_1_3' title="bbox 248 4094 1476 4670">
     <span class='ocr_line' id='line_1_35' title="bbox 310 4094 1425 4182; baseline 0 -25"><span class='ocrx_word' id='word_1_326' title='bbox 310 4094 356 4158; x_wconf 84' lang='grc' dir='ltr'>ότι</span> <span class='ocrx_word' id='word_1_327' title='bbox 377 4094 413 4158; x_wconf 86' lang='grc' dir='ltr'>ού</span> <span class='ocrx_word' id='word_1_328' title='bbox 437 4098 640 4182; x_wconf 88' lang='grc' dir='ltr'>μετεβάλλετο</span> <span class='ocrx_word' id='word_1_329' title='bbox 661 4098 711 4161; x_wconf 84' lang='grc' dir='ltr'>καὶ</span> <span class='ocrx_word' id='word_1_330' title='bbox 734 4097 781 4162; x_wconf 89' lang='grc' dir='ltr'>ότι</span> <span class='ocrx_word' id='word_1_331' title='bbox 800 4094 836 4160; x_wconf 89' lang='grc' dir='ltr'>ού</span> <span class='ocrx_word' id='word_1_332' title='bbox 854 4095 991 4182; x_wconf 88' lang='grc' dir='ltr'>πέφυκεν</span> <span class='ocrx_word' id='word_1_333' title='bbox 1011 4097 1225 4178; x_wconf 80' lang='grc' dir='ltr'>ἀλλοιοῦσθαι,</span> <span class='ocrx_word' id='word_1_334' title='bbox 1246 4101 1313 4165; x_wconf 84' lang='grc' dir='ltr'>πῶς</span> <span class='ocrx_word' id='word_1_335' title='bbox 1329 4097 1425 4180; x_wconf 85' lang='grc' dir='ltr'>μάτην</span> 
     </span>
     <span class='ocr_line' id='line_1_36' title="bbox 310 4191 1476 4280; baseline 0 -25"><span class='ocrx_word' id='word_1_336' title='bbox 310 4191 397 4256; x_wconf 80' lang='grc' dir='ltr'>εἴασε</span> <span class='ocrx_word' id='word_1_337' title='bbox 414 4195 523 4280; x_wconf 87' lang='grc' dir='ltr'>ζημίαν</span> <span class='ocrx_word' id='word_1_338' title='bbox 545 4195 599 4280; x_wconf 78' lang='grc' dir='ltr'>μέν</span> <span class='ocrx_word' id='word_1_339' title='bbox 619 4196 782 4279; x_wconf 81' lang='grc' dir='ltr'>ὑπομείναι</span> <span class='ocrx_word' id='word_1_340' title='bbox 803 4196 836 4259; x_wconf 89' lang='grc' dir='ltr'>τδ</span> <span class='ocrx_word' id='word_1_341' title='bbox 850 4193 957 4271; x_wconf 92' lang='grc' dir='ltr'>καλόν,</span> <span class='ocrx_word' id='word_1_342' title='bbox 980 4193 1089 4279; x_wconf 88' lang='grc' dir='ltr'>κε’ρδυς</span> <span class='ocrx_word' id='word_1_343' title='bbox 1102 4196 1137 4259; x_wconf 79' lang='grc' dir='ltr'>δὲ</span> <span class='ocrx_word' id='word_1_344' title='bbox 1152 4197 1192 4280; x_wconf 86' lang='grc' dir='ltr'>μὴ</span> <span class='ocrx_word' id='word_1_345' title='bbox 1207 4195 1371 4276; x_wconf 85' lang='grc' dir='ltr'>ἀπονεῖμαι</span> <span class='ocrx_word' id='word_1_346' title='bbox 1382 4199 1425 4279; x_wconf 78' lang='grc' dir='ltr'>τιβ</span> <span class='ocrx_word' id='word_1_347' title='bbox 1442 4206 1476 4262; x_wconf 72' lang='lat'>35</span> 
     </span>
     <span class='ocr_line' id='line_1_37' title="bbox 309 4286 1425 4377; baseline -0.001 -23"><span class='ocrx_word' id='word_1_348' title='bbox 309 4286 407 4377; x_wconf 75' lang='grc' dir='ltr'>κακιγῖι</span> <span class='ocrx_word' id='word_1_349' title='bbox 429 4296 496 4361; x_wconf 87' lang='grc' dir='ltr'>πώς</span> <span class='ocrx_word' id='word_1_350' title='bbox 518 4292 554 4356; x_wconf 77' lang='grc' dir='ltr'>δέ</span> <span class='ocrx_word' id='word_1_351' title='bbox 577 4293 655 4357; x_wconf 84' lang='grc' dir='ltr'>αδτά</span> <span class='ocrx_word' id='word_1_352' title='bbox 678 4295 733 4375; x_wconf 79' lang='grc' dir='ltr'>μὲν</span> <span class='ocrx_word' id='word_1_353' title='bbox 754 4293 792 4356; x_wconf 87' lang='grc' dir='ltr'>τά</span> <span class='ocrx_word' id='word_1_354' title='bbox 814 4292 894 4356; x_wconf 82' lang='grc' dir='ltr'>κακὰ</span> <span class='ocrx_word' id='word_1_355' title='bbox 911 4292 967 4356; x_wconf 84' lang='grc' dir='ltr'>οὐκ</span> <span class='ocrx_word' id='word_1_356' title='bbox 981 4292 1186 4358; x_wconf 81' lang='grc' dir='ltr'>ἀλλοιοῦσθαι</span> <span class='ocrx_word' id='word_1_357' title='bbox 1198 4291 1291 4368; x_wconf 77' lang='grc' dir='ltr'>οἶδεν,</span> <span class='ocrx_word' id='word_1_358' title='bbox 1316 4293 1425 4357; x_wconf 84' lang='grc' dir='ltr'>έαυτδν</span> 
     </span>
     <span class='ocr_line' id='line_1_38' title="bbox 311 4387 1427 4475; baseline 0.004 -24"><span class='ocrx_word' id='word_1_359' title='bbox 311 4388 347 4451; x_wconf 80' lang='grc' dir='ltr'>δέ</span> <span class='ocrx_word' id='word_1_360' title='bbox 369 4389 419 4452; x_wconf 83' lang='grc' dir='ltr'>καὶ</span> <span class='ocrx_word' id='word_1_361' title='bbox 440 4388 478 4452; x_wconf 84' lang='grc' dir='ltr'>τά</span> <span class='ocrx_word' id='word_1_362' title='bbox 499 4389 612 4454; x_wconf 76' lang='grc' dir='ltr'>ἑαυτοῦ</span> <span class='ocrx_word' id='word_1_363' title='bbox 635 4390 715 4454; x_wconf 89' lang='grc' dir='ltr'>καλά</span> <span class='ocrx_word' id='word_1_364' title='bbox 737 4390 947 4474; x_wconf 87' lang='grc' dir='ltr'>ἀλλοιούμενα</span> <span class='ocrx_word' id='word_1_365' title='bbox 970 4392 1130 4475; x_wconf 85' lang='grc' dir='ltr'>παρεῖδεν;</span> <span class='ocrx_word' id='word_1_366' title='bbox 1154 4389 1268 4458; x_wconf 84' lang='grc' dir='ltr'>άτοιιος</span> <span class='ocrx_word' id='word_1_367' title='bbox 1281 4388 1338 4473; x_wconf 80' lang='grc' dir='ltr'>γὰρ</span> <span class='ocrx_word' id='word_1_368' title='bbox 1355 4387 1427 4472; x_wconf 81' lang='grc' dir='ltr'>όροτ</span> 
     </span>
     <span class='ocr_line' id='line_1_39' title="bbox 248 4483 1426 4570; baseline 0 -22"><span class='ocrx_word' id='word_1_369' title='bbox 248 4516 258 4526; x_wconf 96' lang='grc'>-</span> <span class='ocrx_word' id='word_1_370' title='bbox 311 4483 401 4554; x_wconf 81' lang='grc' dir='ltr'>ούτος</span> <span class='ocrx_word' id='word_1_371' title='bbox 424 4485 516 4550; x_wconf 89' lang='grc' dir='ltr'>αύτδν</span> <span class='ocrx_word' id='word_1_372' title='bbox 538 4486 593 4570; x_wconf 79' lang='grc' dir='ltr'>μὲν</span> <span class='ocrx_word' id='word_1_373' title='bbox 614 4485 692 4550; x_wconf 78' lang='grc' dir='ltr'>εἶναι</span> <span class='ocrx_word' id='word_1_374' title='bbox 714 4487 886 4551; x_wconf 81' lang='grc' dir='ltr'>ἀλλοιωτὸν</span> <span class='ocrx_word' id='word_1_375' title='bbox 910 4489 960 4552; x_wconf 84' lang='grc' dir='ltr'>διὰ</span> <span class='ocrx_word' id='word_1_376' title='bbox 980 4490 1013 4552; x_wconf 89' lang='grc' dir='ltr'>τδ</span> <span class='ocrx_word' id='word_1_377' title='bbox 1036 4487 1239 4552; x_wconf 80' lang='grc' dir='ltr'>ἀλλοιοῦσθαι</span> <span class='ocrx_word' id='word_1_378' title='bbox 1252 4487 1289 4550; x_wconf 88' lang='grc' dir='ltr'>τά</span> <span class='ocrx_word' id='word_1_379' title='bbox 1303 4487 1426 4566; x_wconf 81' lang='grc' dir='ltr'>ἑαυτοῦ,</span> 
     </span>
     <span class='ocr_line' id='line_1_40' title="bbox 312 4574 1425 4670; baseline 0.002 -24"><span class='ocrx_word' id='word_1_380' title='bbox 312 4582 354 4666; x_wconf 77' lang='grc' dir='ltr'>μή</span> <span class='ocrx_word' id='word_1_381' title='bbox 375 4580 453 4646; x_wconf 80' lang='grc' dir='ltr'>εἶναι</span> <span class='ocrx_word' id='word_1_382' title='bbox 474 4583 510 4646; x_wconf 78' lang='grc' dir='ltr'>δὲ</span> <span class='ocrx_word' id='word_1_383' title='bbox 529 4574 754 4668; x_wconf 82' lang='grc' dir='ltr'>ἀλλοιουμένην</span> <span class='ocrx_word' id='word_1_384' title='bbox 775 4584 829 4666; x_wconf 78' lang='grc' dir='ltr'>τὴν</span> <span class='ocrx_word' id='word_1_385' title='bbox 851 4584 937 4668; x_wconf 87' lang='grc' dir='ltr'>ύλην.</span> <span class='ocrx_word' id='word_1_386' title='bbox 975 4585 1026 4648; x_wconf 82' lang='grc' dir='ltr'>καὶ</span> <span class='ocrx_word' id='word_1_387' title='bbox 1045 4583 1154 4649; x_wconf 88' lang='grc' dir='ltr'>τούτου</span> <span class='ocrx_word' id='word_1_388' title='bbox 1176 4584 1231 4670; x_wconf 77' lang='grc' dir='ltr'>μέν</span> <span class='ocrx_word' id='word_1_389' title='bbox 1250 4587 1388 4651; x_wconf 83' lang='grc' dir='ltr'>τοιοῦτος</span> <span class='ocrx_word' id='word_1_390' title='bbox 1409 4583 1425 4648; x_wconf 87' lang='grc' dir='ltr'>δ</span> 
     </span>
    </p>
   </div>
   <div class='ocr_carea' id='block_1_4' title="bbox 0 0 1769 5434">
    <p class='ocr_par' dir='ltr' id='par_1_4' title="bbox 0 0 1769 5434">
     <span class='ocr_line' id='line_1_41' title="bbox 0 0 1769 5434; baseline 0 0"><span class='ocrx_word' id='word_1_391' title='bbox 0 0 1769 5434; x_wconf 95' lang='lat' dir='ltr'> </span> 
     </span>
    </p>
   </div>
  </div>
 </body>
</html>
