3517 5434
845 685 881 744 51
1261 699 1424 756 εα-ώ

309 851 444 926 τούτοις,
478 849 577 914 ἰστέον
608 853 652 919 ῶς
683 849 805 932 ἀγαθοῦ
834 852 1089 934 πλημμελοῦντος
1120 850 1252 934 φείσαιτ’
1285 851 1320 916 ἀν
1349 853 1427 937 πρδς

311 947 523 1032 ἐπιστρέφειαν
554 949 571 1010 ό
599 946 764 1031 δεσπότης,
796 947 867 1031 οὐχὶ
891 947 926 1009 δὲ
946 951 1001 1009 τοῦ
1025 947 1091 1010 λίαν
1115 947 1364 1032 ἀπεγνωσμένου.
1407 950 1424 1011 δ

312 1047 366 1130 μὲν
385 1046 444 1130 γὰρ
466 1046 573 1128 ἰάσιμα
591 1047 778 1129 πλημμελεῖ,
799 1045 816 1108 ό
840 1045 876 1108 δέ
888 1048 1025 1128 τηρεῖται
1040 1047 1116 1130 πρύς
1130 1046 1252 1108 ἀνίατον
1266 1047 1424 1129 τιμωρίαν.

309 1148 437 1207 τοιαῦτα
463 1142 521 1226 γάρ
550 1141 759 1225 ὑποδείγματα
788 1143 961 1226 πάμπολλα
988 1141 1105 1226 ἴδοιμεν
1130 1141 1166 1205 ἀν
1190 1144 1221 1206 ἐν
1244 1147 1309 1211 ταῖς
1329 1142 1429 1210 θείαις

309 1244 442 1325 γραφαῖς
472 1239 685 1323 ἱστορούμενα.
728 1239 815 1323 μέλει
846 1241 945 1304 τοίνυν
977 1242 1056 1304 πάνυ
1083 1265 1118 1325 γε
1148 1241 1214 1326 θεῷ
1242 1240 1459 1324 ἀνθρώπου·5

312 1339 352 1402 δι’
372 1338 389 1400 δ
406 1338 558 1406 παντοίως
571 1337 656 1422 αὐτιγῖ
671 1336 709 1400 τά
722 1338 924 1400 ἀνακινοῦντα
939 1340 1016 1430 πρὸς
1028 1339 1192 1426 εὐλάβειαν
1206 1337 1426 1424 παρατέθεικεν

312 1438 354 1503 ῶς
367 1436 447 1518 μηδὲ
459 1435 509 1497 τδν
523 1435 615 1497 όπνον
629 1435 731 1498 αὐτῶν
743 1436 934 1519 πυκνοτάτης
947 1435 1110 1520 ὀχλήσεως
1123 1437 1333 1521 ἀπηλλάχθαι,
1347 1433 1427 1497 ἀλλὰ

311 1533 362 1594 καὶ
389 1536 497 1595 τοῦτον
527 1530 578 1605 διά
605 1534 775 1596 κνωδάλων
805 1537 894 1595 τινῶν
925 1533 1168 1618 ἐμποδιζόμενον
1195 1533 1320 1615 κέντρου
1342 1533 1426 1615 δίκην

312 1630 425 1692 νόττειν
451 1630 502 1691 τδν
531 1628 687 1711 λογισμόν.
728 1634 779 1694 καί
802 1633 905 1695 πολλά
932 1653 967 1712 γε
991 1630 1028 1694 τὰ
1053 1633 1228 1717 βοηθοῦντα
1249 1638 1287 1715 τή
1310 1630 1426 1715 ἀνθρω·

311 1727 383 1810 πίνη
412 1725 572 1810 ἀσθενείᾳ,
602 1726 786 1809 θαυμασίως
813 1729 891 1812 πρδς
920 1729 1087 1812 ἀνάμνησιν
1110 1729 1197 1792 θεοῦ.
1242 1728 1281 1790 δι’
1304 1728 1346 1790 ῶν
1367 1727 1425 1811 γὰρ
1445 1737 1478 1790 1⁰

311 1826 425 1910 πάσχει
443 1828 636 1908 σωματικῶς,
654 1825 763 1887 παθῶν
784 1830 886 1910 ψυχῆς
905 1825 1123 1911 ἐλευθεροῦται
1134 1827 1184 1888 καί
1204 1825 1243 1886 δι’
1259 1825 1301 1886 ῶν
1317 1824 1428 1887 παθεῖν

313 1921 349 1985 ἀν
369 1922 532 2005 δυνηθείη,
555 1918 610 2006 κᾷν
633 1923 674 2005 μή
692 1920 802 2006 πάθη,
825 1925 902 2008 πρὸς
923 1923 1087 2009 εὐλάβειαν
1111 1921 1335 2007 ἐπιστρέφεται.
1377 1921 1428 1984 καὶ

263 2023 266 2027 ’
311 2020 483 2103 περιπίπτει
515 2024 702 2103 σωματικοῖς
733 2019 863 2082 πάθεσιν
897 2021 1072 2102 ἀναγκαίως
1102 2019 1284 2102 ἅνθρωπος,
1317 2017 1366 2080 ἵνα
1393 2019 1427 2081 τδ

312 2120 533 2202 χαλεπώτατον
562 2117 613 2179 καί
635 2115 728 2199 μόνον
752 2121 795 2186 ῶς
814 2119 941 2201 ἀληθῶς
962 2117 1063 2186 πάθος
1084 2115 1232 2202 διαφόγη,
1255 2117 1308 2199 τὴν
1333 2115 1428 2199 ἀμαρ-

311 2215 386 2278 τίαν.
422 2218 454 2280 τδ
474 2216 531 2299 γὰρ
552 2216 721 2299 ἀνάλγητον
742 2214 914 2277 ἀκόλαστον
935 2216 986 2278 καὶ
1006 2217 1040 2278 τδ
1059 2216 1237 2298 ἀτιμώρητα
1252 2213 1426 2296 ἁμαρτάνον
1446 2219 1479 2272 15

311 2313 471 2379 παντελῶς
501 2314 723 2397 διαφθείρεται.
777 2312 805 2374 εἰ
834 2312 892 2396 γάρ
924 2314 975 2375 καὶ
1006 2312 1161 2375 τοσούτων
1192 2308 1427 2394 παρακειμένων

314 2410 357 2478 εἰς
375 2408 485 2494 φόβον,
508 2411 642 2496 ἀφοβίαν
665 2413 709 2478 ῶς
722 2409 772 2471 ἐπὶ
791 2411 826 2473 τδ
847 2409 927 2473 πολύ
950 2415 1091 2473 νοσοῦσιν
1115 2407 1285 2492 ἄνθρωποι,
1305 2411 1373 2475 πῶς
1391 2403 1427 2468 ἀν

313 2511 447 2569 συνεῖναι
479 2514 554 2590 γοῦν
591 2509 740 2591 ἀλλήλοις
773 2507 987 2592 ἐδυνήθησαν,
1025 2509 1053 2570 εἰ
1088 2506 1183 2590 μηδὲν
1222 2506 1326 2574 αὐτοῖς
1359 2504 1426 2568 κατ’

313 2604 498 2688 ὐφθαλμούς
524 2606 676 2691 ἐπήρτητο
707 2603 794 2680 δέος;
826 2605 971 2687 μαλάττει
998 2609 1158 2688 τοιγαροῦν
1182 2605 1233 2667 καί
1254 2603 1344 2671 νόσος
1366 2601 1428 2664 διά-

312 2723 397 2763 νοιαν
426 2702 637 2786 σκληροτέραν
663 2705 715 2766 καί
745 2705 890 2784 ναυάγιον
919 2705 1068 2769 πολλάκις
1097 2704 1252 2786 συμπεσὸν
1283 2699 1427 2783 ἐμπόρων
1444 2709 1480 2763 w

315 2799 455 2881 ἐπίορκον
475 2800 588 2883 τρόπον
608 2799 775 2884 μετέβαλε,
797 2800 888 2863 πενία
906 2798 995 2868 αὐθις
1012 2800 1177 2883 κατήνεγκε
1190 2803 1241 2864 τδν
1256 2797 1429 2882 ἐπαρθέντα

313 2895 453 2980 πλοότιρ,
481 2897 601 2959 παίδων
633 2897 770 2981 στέρησις
800 2895 993 2981 ἐσωφρόνισε
1019 2897 1070 2959 τὸν
1096 2895 1147 2958 διὰ
1168 2897 1283 2963 παῖδας
1304 2897 1428 2958 πλεονε·

313 2999 451 3057 κτοῦντα.
483 2993 512 3056 εἰ
531 2993 566 3056 δέ
588 2994 628 3078 μή
653 2994 855 3078 ἐσωφρόνισε,
877 2996 912 3057 τὸ
936 2993 1106 3076 ὑπόδειγμα
1119 2996 1184 3062 τοῖς
1196 2989 1431 3074 αἰσθανομένοις

312 3089 462 3175 παρέσχε.
496 3092 547 3153 καί
568 3092 598 3153 οἰ
619 3091 673 3173 μὲν
697 3092 806 3159 παῖδες
822 3091 998 3177 ἐβλάβησαν
1015 3095 1174 3160 παντελῶς
1188 3090 1290 3166 οὐδέν,
1312 3091 1429 3172 μᾶλλον

315 3188 369 3271 μέν
392 3185 446 3250 οὐν
469 3187 726 3272 εὐεργετήθησαν,
749 3190 872 3272 ἀγωγῆς
894 3188 1022 3274 φαύλων
1045 3188 1161 3272 γονέων
1185 3186 1428 3269 ἀπαλλαγέντες,
1445 3195 1480 3250 θῶ

314 3285 351 3348 τά
368 3287 403 3349 δέ
425 3292 479 3371 τῆς
498 3285 675 3354 πλεονεξίας
698 3286 899 3371 διελέγχεται.
931 3285 1034 3350 ἀλλων
1060 3285 1149 3355 αὐθις
1172 3285 1206 3350 εὐ
1229 3284 1428 3368 διακειμένων

313 3386 494 3447 τελευτῶσιν
506 3385 550 3464 [οί
562 3385 665 3467 υἱοί]ή
679 3388 722 3454 ῶς
731 3385 849 3454 ἀνάξιοι
858 3389 919 3446 τῶν
931 3386 1091 3469 φυσάντων
1103 3383 1315 3468 γενησόμενοι,
1326 3379 1375 3442 ίνα
1387 3380 1428 3464 μὴ

315 3482 409 3565 στήλη
427 3484 504 3564 κακὴ
520 3483 645 3565 ἀγαθῶν
659 3484 829 3545 ἀναστῶσιν
842 3483 913 3567 -ή
932 3483 1047 3565 ἀγαθοί
1058 3505 1093 3566 γε
1106 3483 1316 3567 τυγχάνοντες,
1339 3479 1367 3541 εἰ
1380 3477 1430 3540 ἐπί

313 3578 408 3640 πλέον
430 3579 603 3662 αὐξηθεῖεν,
624 3583 667 3648 ῶς
692 3581 726 3643 ἐκ
749 3583 922 3667 μεταβολῆς
940 3581 1142 3665 γενησόμενοι
1159 3582 1285 3666 φαῦλοι,
1309 3577 1429 3660 εὐεργε-

314 3680 436 3738 τοῦνται
462 3677 504 3759 μὴ
534 3678 604 3739 καθ’
634 3678 751 3740 ἑαυτῶν
779 3678 991 3761 διαμένοντες,
1016 3684 1056 3764 τή
1075 3681 1248 3764 προγνώσει
1274 3679 1329 3738 τοῦ
1352 3672 1429 3735 θεοῦ
1446 3679 1481 3733 30

315 3773 413 3836 πάντα
441 3774 635 3843 διοικοῦντος.
694 3773 747 3846 43,
780 3777 830 3838 καὶ
860 3776 1024 3858 ἀναγκαῖοί
1050 3799 1084 3859 γε
1114 3776 1181 3839 λίαν
1210 3775 1240 3838 οἰ
1265 3771 1359 3859 φόβοι
1378 3769 1430 3833 καὶ

315 3872 439 3934 ποικιλα
459 3872 511 3934 καί
531 3869 643 3955 ἀπειρα
664 3878 709 3957 τῷ
731 3873 845 3957 πλήθει
866 3872 903 3936 τὰ
927 3872 1023 3949 αἴτια,
1048 3874 1091 3936 ῶν
1110 3875 1146 3956 δὴ
1165 3874 1240 3941 θεὸς
1262 3871 1431 3954 οἰκονομεῖ.

315 3969 366 4032 καὶ
397 3967 435 4031 τὰ
463 3967 542 4031 αὐτὰ
569 3971 717 4038 πολλάκις
745 3969 796 4033 διὰ
822 3971 963 4038 ποικιλας
992 3972 1163 4056 προφάσεις
1191 3969 1362 4055 συμβαίνει.
1412 3965 1429 4027 ό

318 4066 371 4146 μέν
393 4066 549 4149 ἀρρωστεῖ
567 4065 605 4128 δι’
629 4067 779 4150 ἁμαρτίας
801 4066 1070 4152 ἐπιστρεφόμενος,
1094 4069 1110 4131 ό
1132 4070 1167 4133 δέ
1188 4067 1226 4132 δι’
1251 4065 1361 4151 ἀρετὴν
1387 4060 1431 4126 ἔτι

318 4165 434 4244 μᾶλλον
452 4162 683 4246 γυμναζόμενος
700 4166 743 4233 εἰς
761 4166 939 4250 μαρτυρίαν,
962 4164 1057 4234 ἀλλος
1070 4165 1120 4228 διά
1135 4165 1307 4250 ὑπερβολὴν
1323 4161 1431 4228 κακίας
1447 4171 1482 4225 35

319 4258 532 4342 ἐλεγχόμενος.
576 4263 628 4323 καί
653 4267 708 4324 τοῦ
738 4263 834 4327 αὐτοῦ
863 4265 1089 4347 συμπτώματος
1117 4261 1242 4325 ποικίλα
1272 4259 1310 4322 τὰ
1340 4256 1431 4320 αἴτια.

318 4357 336 4418 ό
358 4356 413 4437 μὲν
437 4356 573 4421 ἐκπίπτει
583 4358 732 4436 πλούτου,
756 4361 921 4444 μὴκαλῶς
941 4362 1145 4445 χρησάμενος,
1167 4358 1261 4426 ἀλλος
1275 4361 1317 4425 ῶς
1329 4356 1433 4421 καλῶς

317 4453 514 4539 χρησάμενος
544 4457 649 4539 φειδοῖ
673 4456 768 4531 θεοῦ,
803 4455 898 4524 ἀλλος
930 4457 965 4519 δέ
998 4459 1075 4541 πρὸς
1107 4457 1217 4539 ἀρετήν
1249 4453 1299 4517 διὰ
1327 4451 1433 4518 πενίας

317 4550 563 4636 γυμναζόμενος,
593 4553 698 4634 ἔτερος
722 4553 801 4615 έκών
828 4553 925 4638 ρίπτει
949 4557 1009 4616 τῶν
1032 4554 1200 4640 χρημάτων
1219 4554 1253 4615 τδ
1275 4551 1369 4636 βάρος
1390 4553 1434 4617 ῶς

280 4653 285 4662 .
1240 4647 1282 4712 4,
