3517 5434
326 738 379 786 cop.
398 717 422 768 7.
492 712 555 767 Ὅτι
572 717 694 790 μέματον
713 709 829 778 κακὸνῆ
850 708 976 782 περὶτοῦ
994 707 1065 761 θεοῦ
1083 705 1184 777 ἀγνωσί
1204 748 1209 760 .
1346 709 1380 762 55

327 868 411 934 ὅπου
433 867 507 934 οὐδὲ
530 864 576 944 εἷς
597 863 724 954 μεθύει,
747 860 834 930 ἀλλά
856 861 976 940 πάντες
998 843 1170 952 νήφονσιν,
1193 862 1383 952 ἀφορῶντες

326 985 365 1070 τῇ
400 981 521 1065 καρδία
552 985 596 1056 είς
622 973 681 1044 τὸν
715 976 889 1066 ὁραθῆναι
920 977 1078 1042 θέλοντα.
1130 974 1169 1041 οὐ
1197 971 1262 1059 γάρ
1292 980 1380 1040 ἐστιν

293 1105 307 1156 3
326 1085 486 1166 ἀκονστός
509 1087 583 1156 οὐδὲ
605 1085 716 1166 λεκτὸς
739 1087 814 1156 οὐδὲ
842 1080 963 1170 ὁρατὸς
986 1085 1196 1176 ὀφθαλμοῖς,
1226 1082 1311 1150 ἀλλά
1334 1089 1381 1168 νῷ

325 1204 380 1266 καὶ
402 1203 533 1288 καρδίᾳ.
573 1205 703 1288 πρῶτον
727 1202 762 1266 δὲ
784 1201 833 1264 δεῖ
855 1220 891 1263 σε
914 1194 1180 1286 περιρρήξασθαι
1203 1193 1242 1264 ὃν
1266 1209 1380 1286 φορεῖς

322 1315 459 1399 χιτῶνα,
488 1307 608 1391 τὸτῆς
636 1310 802 1396 ἀγνωσίας
830 1306 987 1399 ὕφασμα,
1015 1305 1053 1375 τὸ
1078 1315 1135 1390 τῆς
1162 1310 1278 1385 κακίας
1301 1307 1379 1390 στή-

291 1440 434 1507 σριμμα,
457 1419 516 1489 τδν
538 1426 598 1503 τῆς
620 1426 760 1512 φθορᾶς
782 1418 913 1506 δεσμόν,
937 1416 995 1488 τάν
1011 1415 1178 1488 σκοτεινὸν
1193 1421 1379 1508 περίβολον,

325 1531 383 1600 τὸν
404 1536 510 1613 ζῶντα
531 1532 695 1612 θάνατον,
718 1530 777 1600 τὸν
799 1525 1000 1610 αἰσθητικὸν
1013 1528 1138 1614 νεκρόν,
1160 1527 1220 1597 τὸν
1242 1530 1378 1620 περιφό-

324 1670 425 1729 ρῃτον
447 1643 570 1736 τάφον,
599 1639 658 1711 τάν
680 1649 809 1712 evomas
836 1639 971 1734 λῃστήν,
1001 1637 1060 1707 τὸν
1084 1640 1127 1705 δι’
1147 1631 1191 1709 ὧν
1215 1644 1304 1730 φιλεῖ
1325 1668 1378 1726 μι-

291 1762 447 1823 νοοῦντα
469 1759 525 1822 καὶ
547 1757 591 1821 δι’
610 1749 656 1821 ὧν
677 1764 766 1839 μισεῖ
788 1755 997 1843 φθονοῦντα.
1346 1745 1350 1758 ’

301 1842 311 1852 ἦ
396 1863 553 1943 Τοιοῦτός
575 1871 663 1931 ἐστιν
686 1851 726 1930 δν
748 1861 886 1930 ενεδύσω
909 1859 1036 1950 ἐχθρὸν
1052 1867 1190 1948 χιτῶνα,
1214 1859 1323 1949 ἄγχων
1345 1888 1380 1930 σε
1405 1868 1424 1933 3

325 1974 411 2042 κάτω
435 1972 517 2063 πρὸς
540 1972 651 2054 αὑτόν,
674 1979 730 2040 ἴνα
752 1971 799 2060 μὴ
823 1974 1020 2064 ἀναβλέψας
1042 1977 1096 2039 καὶ
1114 1971 1325 2059 θεασάμενος
1340 1969 1377 2041 κά

274 2107 305 2157 12
324 2087 444 2165 κάλλος
465 2090 525 2169 τῆς
547 2085 712 2167 ἀληθείας
734 2089 789 2152 καὶ
811 2081 849 2152 τὸ
872 2090 1057 2171 ἐγκείμενον
1080 2079 1217 2170 ἀγαθὸν
1238 2083 1379 2177 μισήσῃς

323 2196 384 2279 τὴν
405 2198 523 2266 τούτου
545 2203 673 2279 κακίαν,
694 2194 819 2278 νοήσας
841 2197 944 2265 αὐτοῦ
966 2195 1027 2276 τὴν
1047 2195 1224 2280 ἐπιβουλὴν
1245 2193 1288 2276 ἣν
1310 2203 1380 2262 ἐπε-

322 2308 477 2393 βούλευσέ
500 2334 568 2391 σοι,
599 2305 640 2377 τά
663 2313 826 2376 δοκοῦντα
849 2309 929 2392 ἡμῖν
951 2311 1007 2374 καὶ
1030 2306 1229 2394 νομιζόμενα
1253 2313 1378 2389 αἰσθη-

273 2443 303 2490 15
322 2421 420 2507 τήρια
443 2421 639 2504 ἀναίσθητα
661 2427 774 2502 ποιῶν,
797 2424 836 2513 τῇ
857 2423 963 2512 πολλῇ
985 2417 1044 2512 ὕλῃ
1067 2415 1152 2486 αὐτά
1176 2412 1376 2508 ἀποφριίξας

322 2538 376 2598 καὶ
399 2536 551 2622 μυσαροῖς
572 2533 696 2614 ἡδονῆς
718 2529 896 2618 ἐμπλήσας,
921 2536 976 2609 ἵνα
998 2527 1080 2618 μήτε
1103 2527 1222 2621 ἀκούῃς
1243 2533 1316 2619 περὶ
1334 2524 1379 2594 ὧν

322 2642 453 2711 ἀκούειν
475 2669 510 2711 σε
534 2647 591 2725 δεῖ,
613 2642 695 2731 μήτε
717 2648 839 2736 βλέπῃς
860 2646 934 2729 περὶ
958 2634 1003 2707 ὦν
1025 2643 1156 2725 βλέπειν
1179 2662 1215 2707 σε
1239 2641 1294 2708 δεῖ.

392 2790 417 2839 ἳ.
437 2793 507 2841 ἔστιν
525 2810 576 2840 om.
595 2788 662 2838 Patr.
751 2789 776 2839 4.
795 2785 931 2858 ῥήξασθαι
950 2786 1014 2836 Patr.
1105 2787 1129 2837 7.
1149 2787 1320 2854 αἰσθητικὸν]
1344 2788 1378 2837 sic

393 2874 465 2938 virg.
487 2874 569 2923 Fluss.
593 2887 616 2923 et
638 2891 700 2922 corr.
722 2876 761 2934 A„
784 2874 919 2937 αἰσθητὸν
938 2870 1034 2936 reliqui.
1126 2871 1170 2921 10.
1189 2868 1288 2937 ἄγχων]
1309 2869 1378 2939 ἀγων

395 2957 460 3008 Patr.
550 2957 590 3008 14.
614 2953 687 3025 ἡμῖν]
711 2955 745 3006 sic
762 2956 799 3017 B,
820 2976 866 3023 μοι
885 2957 978 3012 Turn„
1001 2973 1050 3003 om.
1076 2955 1176 3022 reliqui.
1195 2950 1208 3020 ss
1261 2971 1317 3023 post
1335 2961 1379 3008 καὶ

394 3045 466 3107 Verg.
485 3043 541 3096 add.
558 3043 603 3112 μὴ,

322 3165 433 3230 oriatur,
452 3162 500 3218 sed
519 3184 612 3218 omnes
631 3161 716 3217 sobrii
735 3172 812 3229 sunt,
831 3159 913 3216 corde
932 3160 1107 3234 respicientes
1126 3161 1154 3214 in
1173 3180 1231 3214 euin
1252 3163 1297 3235 qui
1316 3181 1378 3215 con-

322 3253 391 3327 spici
413 3249 480 3306 vult.
516 3269 571 3304 non
595 3251 664 3304 enim
688 3258 731 3303 est
753 3246 878 3303 audibilis
902 3266 988 3321 neque
1012 3244 1128 3300 dicibilis
1152 3266 1238 3322 neque
1261 3247 1378 3302 visibilis

322 3337 422 3404 oeulis,
445 3333 494 3391 sed
513 3344 602 3390 mente
620 3345 647 3389 et
666 3334 755 3390 corde.
794 3335 883 3411 primo
907 3331 1015 3407 quidem
1034 3341 1142 3408 oportet
1160 3342 1187 3387 te
1205 3353 1377 3410 perrumpere

322 3443 401 3498 quem
419 3422 473 3477 fers
491 3423 629 3487 amictum,
648 3422 812 3494 ignorentine
831 3429 998 3485 contextum,
1023 3419 1156 3493 nequitiae
1174 3417 1377 3488 firmamentum,
1455 3482 1458 3499 Δ

321 3510 504 3586 corruptionis
522 3505 671 3573 vinculum,
694 3506 867 3562 tenebrosam
885 3525 990 3583 sepem,
1008 3507 1095 3561 vivam
1114 3514 1239 3572 mortem,
1258 3507 1377 3562 sentiens

322 3593 449 3661 cadaver,
473 3592 656 3650 circumlatum
679 3591 846 3670 sepulcrum,
871 3591 1046 3648 domesticum
1067 3591 1165 3660 iurem,
1185 3611 1244 3646 eum
1264 3594 1309 3666 qui
1327 3613 1377 3668 per

323 3699 390 3752 quse
410 3688 478 3733 αιτιοι
496 3679 562 3746 odit,
581 3689 608 3733 et
625 3699 675 3754 per
693 3700 760 3754 ιμιοε
779 3680 836 3733 odit
853 3679 965 3734 invidet.

376 3763 452 3818 Totis
474 3773 517 3818 est
538 3784 616 3838 quem
640 3763 753 3818 induisti
770 3766 893 3819 inimicus
917 3767 1042 3832 amictus,
1070 3763 1178 3820 trahens
1202 3774 1228 3818 te
1251 3762 1377 3818 deorsum

322 3850 356 3904 nd
374 3869 413 3914 se,
431 3868 466 3904 ne
482 3850 631 3925 respiciens
643 3848 737 3905 videos
753 3848 980 3925 pulchritudinem
999 3852 1119 3908 veritatis
1139 3860 1166 3906 ot
1184 3849 1257 3926 quod
1275 3849 1313 3906 ibi
1332 3849 1376 3906 hs·

322 3937 390 3991 bitot
408 3935 520 4001 bonum,
545 3944 573 3989 et
590 3933 653 3990 odio
672 3935 770 3990 habeas
789 3937 846 3990 eins
864 3934 1023 4009 nequitiam,
1046 3937 1197 4012 intelligens
1218 3936 1291 3994 iltius
1309 3939 1375 3992 insi·

322 4023 394 4090 diss,
417 4021 515 4098 quibus
537 4020 648 4078 esttibi
670 4019 826 4087 insidiatus,
850 4041 918 4096 qnae
942 4022 1066 4078 videntur
1088 4024 1166 4080 nobis
1186 4033 1213 4080 et
1231 4022 1375 4080 ereduntur

321 4107 440 4174 sensilis,
456 4106 596 4166 insensilia
613 4107 742 4174 efficiens,
760 4106 842 4164 multa
860 4110 971 4164 materia
989 4109 1032 4164 itte
1052 4110 1179 4166 obturans
1198 4120 1226 4166 et
1244 4110 1376 4166 abomins·

322 4193 369 4248 biti
387 4193 524 4270 voluptate
542 4203 665 4270 reptem,
684 4204 714 4250 nt
731 4213 821 4270 noque
837 4195 930 4252 antias
951 4217 1018 4271 quae
1036 4195 1127 4254 andire
1146 4205 1172 4250 te
1191 4205 1312 4273 oportet,
1332 4216 1376 4250 οε.-

323 4297 374 4350 ιμιε
392 4299 484 4336 cernss
502 4301 572 4357 qnae
589 4301 700 4338 eernere
716 4290 745 4338 te
763 4284 892 4360 oportuit.

745 4461 931 4468 —-———.
