3517 5434
318 667 324 674 -
400 695 420 744 ‘4
643 702 647 710 ⁴
703 678 708 688 .
796 679 1020 775 ί,ΠοιμάνδρνμΙ
1359 719 1412 770 cap.
1438 702 1458 752 l.

401 846 525 917 τούτων
548 849 638 914 ἐστὶν
659 848 680 928 ἡ
703 846 778 928 ζωή.
831 847 1025 935 Εὐχαριστῶ
1048 871 1115 930 σοι,
1138 855 1221 941 έιμην
1245 849 1315 936 ἐγώ.
1358 850 1458 919 Ἀλλά

402 954 443 1039 δή
466 955 535 1026 νόει
557 953 595 1024 τὸ
619 960 698 1049 (μοῖς,
720 961 775 1025 καὶ
797 956 931 1047 γνάριζε
954 963 1062 1041 τοῦτο,
1084 965 1196 1052 φησίν.

358 1069 377 1132 7
468 1064 540 1136 Καὶ
562 1067 660 1135 εὶπών
682 1073 788 1136 ταῦτα
811 1073 864 1135 έπὶ
886 1073 1024 1143 πλείονα
1048 1067 1173 1160 χρόνον
1195 1071 1368 1155 ἀντάπησέ
1391 1099 1457 1160 μοι,
1477 1090 1492 1141 3

402 1179 484 1248 ὥστε
517 1205 558 1266 με
601 1186 730 1274 τρέμειν
762 1180 866 1248 αὐτοῦ
907 1178 968 1262 τήν
1001 1185 1101 1252 ἰδέαν.
1148 1183 1391 1263 άνανεύσαντος
1423 1187 1457 1252 δὲ

294 1329 297 1334 -
403 1297 521 1382 θεωρῶ
550 1299 586 1358 έν
612 1297 658 1377 τῷ
681 1298 735 1360 νοέ
760 1317 827 1377 μον
846 1289 887 1358 τὸ
911 1296 982 1385 φῶς
1004 1301 1039 1362 ὲν
1062 1291 1240 1381 δυνάμεσιν
1268 1295 1458 1385 ἀναριθμή-

401 1429 471 1482 τοις
493 1399 541 1483 δν,
563 1407 620 1472 καὶ
642 1402 768 1490 κόσμον
791 1400 1022 1494 άπεριόριστον
1044 1411 1268 1493 γεγενημένον,
1290 1412 1345 1476 καὶ
1367 1433 1457 1497 περι·
1477 1417 1492 1465 6

380 1520 546 1602 -σχέσθαι
567 1510 605 1579 τδ
628 1518 692 1602 πῦρ
715 1510 852 1599 δυνάμει
878 1519 1029 1608 μεγίστῃ,
1058 1521 1115 1583 καὶ
1143 1515 1260 1584 στάσιν
1288 1524 1458 1606 ἐσχηκέναι

400 1623 632 1714 κρατούμενον.
654 1628 760 1690 ταῦτα
783 1627 817 1691 δὲ
839 1620 902 1709 ἐγὼ
926 1623 1108 1708 διενοήθην
1131 1626 1217 1716 δρῶν
1240 1625 1295 1694 διά
1317 1627 1377 1696 τὸν
1399 1635 1458 1697 τοῦ

400 1734 620 1825 Ποιμάνδρου
641 1734 750 1823 λόγον.
1367 1751 1371 1762 ’
1476 1746 1492 1796 9

351 1854 374 1924 8
459 1847 516 1928 Ὡς
538 1851 573 1916 δὲ
596 1839 638 1929 ἦν
661 1854 695 1914 ὲν
718 1845 867 1929 ἐκπλήξει
885 1851 974 1940 φησὶ
993 1846 1094 1915 πάλιν
1117 1853 1205 1936 ἐμοί,
1234 1851 1332 1932 Εἶδες
1354 1859 1389 1918 έν
1411 1857 1456 1938 τῷ

398 1967 445 2046 νῷ
468 1957 506 2028 τδ
528 1959 711 2050 ἀρχέτυπον
739 1958 826 2038 εἶδος
853 1957 893 2026 τδ
922 1957 1136 2049 προϋπάρχον
1165 1967 1223 2044 τῆς
1252 1963 1357 2054 ἀρχῆς
1378 1964 1456 2030 άπε-

359 2157 363 2163 .
398 2071 530 2192 ράντον.
560 2075 665 2140 ταῦτα
689 2071 708 2138 ὁ
732 2068 953 2158 Ποιμάνδρης
981 2076 1063 2155 ἐμοί.
1115 2070 1166 2137 Τά
1189 2067 1255 2154 οὖν,
1278 2074 1340 2159 ἐγώ
1363 2101 1457 2166 φημι,
1476 2084 1510 2134 12

399 2193 545 2273 στοιχεῖα
584 2185 644 2263 τῆς
682 2178 810 2273 φύσιας
842 2179 953 2246 πάθεν
993 2180 1133 2262 ὑπέστης
1179 2181 1292 2247 Πάλιν
1336 2192 1457 2262 ἐκεῖνος
1555 2227 1560 2236 ·

397 2296 480 2384 πρὸς
509 2300 628 2372 ταῦτα,
660 2291 715 2357 Ἐκ
742 2291 867 2376 βονλής
896 2293 997 2368 θεοῦ,
1032 2287 1103 2368 ἥτις
1132 2292 1284 2373 λαβοῦσα
1313 2289 1372 2358 τὸν
1403 2291 1456 2358 λό-

396 2433 471 2492 γον,
505 2410 563 2474 καὶ
592 2405 711 2470 ἰδοῦσα
744 2395 804 2466 τὸν
837 2394 942 2464 καλὸν
975 2395 1114 2483 κόσμον,
1151 2397 1347 2485 ἐμιμήσατο,
1382 2425 1456 2470 κοσ-
1475 2416 1508 2466 15

394 2521 623 2605 μοποιηθιῖσα
664 2507 721 2578 διά
753 2512 819 2574 τῶν
853 2509 973 2588 ἑαυτῆς
1006 2517 1172 2594 στοιχείων
1204 2514 1259 2576 καὶ
1292 2511 1454 2598 γεννημά-

350 2630 459 2698 9ταν
488 2629 611 2714 ψυχῶν.
650 2619 669 2685 ὁ
699 2622 734 2684 δὲ
762 2622 840 2694 νοῦς
868 2617 887 2684 ὁ
917 2615 1001 2695 θεὸς
1032 2616 1265 2708 άρρενόθηλνς
1298 2619 1357 2703 ὤν,
1388 2621 1453 2704 ζωή

468 2765 492 2813 2.
511 2753 605 2829 φησίν]
629 2754 664 2804 sic
676 2752 708 2814 Β,
724 2771 775 2804 om.
798 2750 898 2820 reliqui.
971 2753 994 2805 3.
1014 2755 1059 2806 καὶ
1077 2753 1166 2822 εἰπών]
1190 2756 1311 2826 φάντος
1331 2762 1352 2810 Α
1372 2761 1451 2810 Turn.
1486 2819 1490 2831 ι

467 2847 547 2896 Fluss.
568 2841 633 2890 Pan.
655 2833 670 2906 ΙΙ
712 2832 853 2906 ἀπήντησέ
871 2836 938 2917 μοι]
955 2833 1179 2912 ἆντωπησάμιθα
1202 2843 1269 2896 Pan.
1315 2847 1367 2898 'l.
1386 2843 1451 2900 ὥστε

466 2951 498 3002 μι
517 2946 568 2976 om.
590 2928 619 2979 Α.
691 2921 717 2976 6.
735 2923 913 2994 γεγενημένον]
935 2919 1016 2984 ὅντως
1034 2926 1100 2982 Patr.
1172 2929 1197 2982 8.
1218 2934 1244 2984 δὲ
1263 2935 1301 2984 ἔτι
1318 2933 1365 3000 ἐγὼ
1385 2935 1414 2984 Α.
1436 2929 1450 3002 Ι]

466 3014 512 3067 διὰ
529 3033 579 3066 um.
599 3011 664 3064 Pan.
742 3009 784 3061 10.
804 3004 837 3078 ἦν
855 3032 905 3064 om.
929 3014 948 3062 A
973 3014 1042 3075 edd..
1065 3030 1087 3066 τι
1106 3030 1162 3084 pust
1184 3014 1300 3087 ἐκπλήξει
1322 3020 1378 3070 add.
1397 3040 1451 3089 μου

466 3096 549 3158 ὄντος.
608 3097 650 3149 ll.
669 3093 855 3170 προϋπάρχον]
873 3098 909 3149 sic
927 3098 994 3150 Pau.
1014 3097 1150 3171 προάρχον
1168 3102 1266 3172 reliqui.
1338 3104 1377 3156 17.
1397 3120 1450 3172 ψυ-

462 3182 527 3251 χῶν]
546 3187 627 3254 ψιλῶν
645 3184 726 3234 Fluss.

394 3296 474 3364 mini,
493 3315 569 3352 mens
588 3313 654 3352 vero
673 3293 740 3347 deun
758 3303 848 3367 patei-3
871 3313 928 3350 nnn
951 3297 1020 3348 enim
1044 3296 1177 3350 distenta
1196 3316 1226 3350 se
1244 3297 1368 3361 invicem3
1386 3297 1449 3351 nnio

394 3383 463 3436 enim
487 3379 582 3432 horum
605 3386 648 3430 εει
669 3377 732 3432 vita.
770 3374 877 3430 Gratiae
899 3377 949 3430 tibi
972 3397 1033 3451 ugo,
1056 3381 1164 3454 inquam
1184 3399 1240 3453 ego.
1278 3379 1334 3436 Sed
1352 3390 1450 3449 mente,

394 3467 491 3542 inquit,
511 3464 623 3540 concipe
641 3460 743 3527 lucen·
757 3469 783 3516 ιι
801 3479 934 3534 cognosce
952 3463 1045 3538 ipsam.

404 3563 408 3569 ’
431 3551 496 3611 ,Sic
519 3549 614 3607 effatus
637 3550 683 3602 diu
706 3567 740 3601 ex
762 3545 877 3601 adverso
903 3565 945 3602 me
967 3548 1037 3602 fiius
1056 3551 1175 3624 aspexit,
1198 3552 1233 3604 iln
1257 3560 1287 3605 ut
1308 3561 1450 3608 tremerem

394 3641 453 3696 eius
471 3638 590 3694 formam.
613 3632 747 3688 abnuente
769 3640 857 3686 autem
875 3651 908 3687 eo
926 3634 1065 3708 conspicio
1084 3635 1112 3688 in
1130 3646 1219 3691 mente
1241 3657 1298 3692 mea
1316 3636 1403 3694 lucem
1420 3639 1448 3693 in

394 3725 498 3782 viribus
516 3721 661 3778 innumeris
681 3737 751 3786 esse,
769 3727 797 3772 et
814 3717 941 3775 muudum
954 3717 1122 3774 indefinitum
1135 3722 1266 3791 effectum,
1286 3734 1313 3780 οι
1329 3723 1450 3782 cohiberi

393 3813 481 3884 ignem
499 3809 526 3862 vi
545 3807 671 3872 maxima,
694 3813 722 3859 et
739 3812 838 3860 statum
857 3824 919 3860 esse
937 3803 1062 3880 adeptum
1081 3817 1209 3866 cunctum.
1228 3810 1294 3866 hanc
1313 3831 1360 3886 ego
1380 3830 1450 3867 conn-

392 3891 525 3971 prehendi
543 3890 639 3947 videns
658 3889 693 3945 ob
711 3889 870 3945 Poemandri
887 3890 1007 3946 verbum.

446 3979 539 4054 ltaque
563 3997 622 4032 cum
646 3977 674 4031 in
697 3986 808 4053 stupore
831 3997 933 4043 essem,
961 3978 998 4030 nit
1022 3975 1055 4030 nd
1077 3997 1120 4034 me
1142 3999 1248 4036 rursus:
1271 3979 1398 4036 Vidistin'
1421 3981 1449 4034 in

393 4074 481 4121 mente
500 4062 672 4140 archetypam
690 4062 809 4130 formam,
829 4083 898 4138 quae
917 4069 977 4117 aule
994 4063 1154 4141 principium
1171 4075 1214 4121 εει
1225 4067 1351 4144 principii
1369 4068 1450 4121 inter-

394 4150 504 4207 minati?
521 4149 587 4204 haee
605 4147 771 4204 Poemnnder
788 4149 863 4204 mihi.
881 4151 990 4223 inquam
1008 4168 1070 4223 ugo:
1093 4149 1231 4208 Elementa
1250 4162 1359 4208 naturae
1379 4152 1448 4208 unde

394 4245 458 4294 eunt
480 4235 644 4292 constituta?
666 4253 760 4290 rursus
783 4233 831 4288 ille
848 4232 884 4288 ιιΙ
901 4233 979 4288 haec:
1002 4235 1043 4290 Ex
1060 4235 1198 4293 voluntale
1216 4237 1273 4306 dei,
1296 4260 1363 4314 qnae
1382 4241 1449 4294 acci·

394 4326 471 4400 piene
488 4321 599 4378 verbnm
619 4327 646 4374 ει
658 4318 753 4376 videns
771 4317 914 4396 pulchrum
932 4319 1067 4389 mundum,
1086 4323 1187 4379 imitata
1207 4335 1248 4380 est
1266 4326 1392 4382 mundum
1410 4325 1447 4382 ef-

296 4445 300 4452 -
395 4410 489 4466 finiens
506 4428 557 4486 per
575 4408 633 4464 eius
647 4404 776 4462 elementa
790 4415 818 4462 et
829 4407 946 4487 genuina
960 4409 1111 4465 animarum.
1131 4429 1206 4467 mens
1220 4431 1283 4469 εοιό
1303 4413 1368 4470 dens
1382 4431 1448 4468 mas·
