3517 5434
315 721 368 772 esp.
388 701 430 755 13.
462 704 467 716 '
704 670 794 771 Λόγος
811 696 975 774 οἷπόκρυφος.
1318 703 1369 756 ltt
1436 667 1440 678 ι

328 891 332 898 -
386 851 475 922 Τοίτ.
524 854 573 921 Ἐν
594 859 641 939 τῷ
662 857 782 940 νοητῷ,
803 847 829 921 ὦ
850 852 965 942 ποίτερ,
987 851 1147 940 δύναμαι·
1170 861 1206 922 ἐκ
1227 857 1287 922 τοῦ
1309 861 1370 924 σοῦ

312 944 418 1052 ὕμνον
437 967 494 1032 καὶ
520 968 581 1046 τῆς
609 969 677 1047 σῆςι
698 964 849 1052 εὐλογίας
875 962 1133 1057 λαισεφοίτισταί
1153 991 1218 1052 μου
1241 963 1260 1032 ὁ
1283 969 1369 1045 νοῦς.

277 1081 412 1144 Βαλίον
439 1079 532 1143 θέλω
553 1074 644 1163 κάγὼ
671 1083 803 1166 αίμψαι
825 1076 861 1157 ἐξ
882 1079 969 1156 ἰδίας
998 1075 1120 1168 φρενὸς
1148 1075 1300 1162 εὐλογίαν
1322 1080 1370 1162 τῷ

311 1191 393 1273 θεῷ.

381 1297 530 1386 Ἑρμῆς.
560 1290 603 1364 Ὦ
625 1305 749 1380 τέκνον,
769 1297 816 1384 μὴ
839 1296 1001 1376 ἀσκόπως.
1372 1299 1428 1388 Ι21

276 1426 293 1478 6
384 1407 475 1476 Τοίτ.
516 1409 567 1477 Ἐν
587 1414 635 1496 τῷ
655 1413 712 1494 νῷ,
734 1401 760 1474 ὦ
782 1406 896 1497 ποίτερ.
943 1404 1109 1496 dictampni
1131 1412 1213 1494 λέγω
1236 1431 1297 1490 σοι,
1320 1435 1444 1497 μον

310 1518 418 1610 ντίρχα
440 1523 499 1601 τῆς
519 1524 770 1609 μενεσισσργίας,
798 1517 886 1585 Teis·
915 1521 989 1604 θεῷ
1010 1522 1124 1602 πέμπω
1148 1519 1282 1605 λογικὰς
1303 1523 1368 1588 θν-

311 1634 396 1710 σίας.
430 1634 500 1711 θεὲ,
520 1628 563 1702 σὺ
583 1630 697 1721 adsto,
720 1627 763 1700 σὺ
783 1630 801 1698 ὁ
824 1627 948 1718 κύριος,
971 1624 1013 1698 σὺ
1033 1628 1051 1696 ὁ
1075 1633 1168 1708 νοῦς·
1199 1631 1290 1711 δέξαι
1311 1635 1368 1698 λο-

276 1739 405 1826 symea
434 1745 560 1820 θυσίας
586 1739 627 1820 ἃς
655 1746 768 1818 θέλεις
790 1741 850 1807 ἀπ’
869 1743 963 1828 ἐμοῦ·
993 1742 1055 1808 σοῦ
1077 1737 1142 1828 μοίρ
1164 1744 1369 1827 βουλομένου

312 1849 424 1918 πάντα
448 1855 596 1920 τελεῖται.

381 1960 532 2051 Ἑρμῆς.
576 1960 648 2044 Σύ,
671 1955 697 2028 ὦ
719 1968 848 2043 τέκνον,
875 1967 1010 2054 πέμψον
1032 1959 1149 2044 δεκτήν
1172 1965 1299 2031 θυσίαν
1320 1961 1369 2047 τῷ

261 2092 294 2143 12
311 2069 445 2142 πάντων
467 2076 568 2162 πατρὶ
582 2076 665 2160 θεῷ.
689 2069 777 2140 ἄλλοί
792 2076 848 2140 καὶ
869 2072 1031 2164 πρόσθες,
1054 2066 1216 2154 ὦτίκνον,
1239 2069 1295 2140 διὰ
1310 2075 1369 2140 τοῦ

312 2181 422 2278 νον
1368 2162 1475 2184 “““

384 2294 441 2362 Tei
448 2323 475 2362 τ.
509 2295 703 2386 Εὐχαριστῶ
725 2318 788 2380 σοι,
808 2292 920 2386 νεοίτερ,
943 2294 1049 2362 τοῦτοί
1070 2321 1128 2382 μοι
1151 2303 1254 2363 αἰνεῖν
1277 2295 1365 2376 etga-

143 2469 148 2475 .
260 2425 293 2476 15
310 2413 406 2494 μένῳ.

380 2518 527 2605 Ἑρμῆς.
581 2521 716 2603 Χαίρω,
738 2523 866 2596 τέκνον,
897 2515 1220 2610 καρποφορήσαντος
1248 2525 1282 2583 ἐκ
1311 2519 1370 2598 τῆς
1392 2527 1434 2594 22

313 2629 478 2709 ἀληθείας
500 2624 543 2694 τὰ
564 2621 694 2714 ἀγαθοὶ,
717 2623 760 2694 τοί
782 2625 946 2694 ἀθάνατα
962 2625 1162 2714 γεννήματα.
1186 2632 1284 2695 τοῦτο
1307 2655 1369 2714 μα-

263 2757 297 2808 18
313 2734 389 2808 θεὸν
409 2739 492 2825 παρ’
511 2741 593 2821 ἐμοῦ
613 2740 670 2815 τῆς
692 2736 811 2824 ἀρετῆς
833 2735 931 2821 σιγὴν
953 2737 1150 2824 ίνεείγγειλαι,
1172 2742 1296 2825 μηδενί,
1317 2745 1369 2805 τέ-

382 3009 409 3059 2.
427 3009 482 3061 inei
499 3003 665 3077 πεφώτεσται
682 3007 712 3060 Β.
801 3005 827 3058 3.
847 3004 935 3074 πλέον]
956 3005 1021 3074 πλὴν
1040 3007 1118 3058 Turn.
1208 3006 1233 3058 9.
1253 3006 1367 3074 θυσίας]

382 3095 418 3146 aie
435 3094 511 3158 Pate,
527 3113 579 3146 om.
596 3093 696 3164 reliqui.
805 3091 846 3146 18.
875 3091 1041 3162 indrynam]
1063 3093 1098 3146 aie
1121 3093 1217 3158 Ftuss„
1232 3089 1368 3174 ιἐπήγγειλε

382 3179 457 3247 (corr.
476 3175 644 3249 enarrator)
660 3180 693 3244 B,
710 3178 844 3248 lwdyyeale
861 3179 962 3249 reliqui.

364 3394 435 3451 Tat.
465 3393 496 3449 ln
514 3392 686 3467 intelligibili,
706 3413 722 3448 ο
740 3401 825 3469 pater,
844 3403 943 3468 potens
961 3413 1034 3460 sum;
1050 3413 1083 3450 ex
1101 3403 1147 3450 tuo
1165 3393 1265 3466 hymno
1284 3402 1312 3448 et
1323 3401 1367 3448 tua

311 3480 391 3538 laude
412 3479 560 3536 illuminata
582 3489 625 3535 cst
646 3497 723 3536 mens
745 3498 812 3534 mea.
848 3479 965 3558 amplius
985 3478 1048 3536 volo
1071 3489 1099 3534 et
1121 3498 1170 3553 ego
1194 3481 1316 3536 emittere
1334 3499 1368 3535 ex

313 3567 424 3644 propria
442 3567 604 3638 cogitatione
620 3565 726 3622 laudem
745 3562 805 3620 deo.

365 3649 508 3706 Hermes.
545 3649 571 3704 0
589 3649 637 3715 fili,
655 3671 710 3705 non
727 3652 841 3705 incaute.

366 3732 435 3789 Tat.
471 3732 502 3788 ln
519 3744 617 3802 mente,
636 3756 652 3790 ο
670 3744 755 3811 pater.
792 3755 860 3810 quae
881 3755 963 3791 cerno
987 3735 1048 3792 dico
1066 3737 1125 3805 tibi,
1144 3756 1161 3792 ο
1178 3735 1308 3810 genaccha
1325 3756 1367 3812 ge·
1395 3777 1403 3788 x.

310 3820 472 3886 iterationis,
495 3838 544 3893 ego
563 3817 623 3874 Tat.
660 3819 711 3875 deo
729 3821 808 3875 mitto
824 3819 942 3875 verbalia
960 3821 1098 3878 sacrificia.
1134 3820 1215 3890 aleus,
1234 3832 1263 3878 tu
1281 3833 1367 3900 pater,

313 3917 345 3962 tu
363 3905 501 3973 dominus,
515 3915 545 3962 tu
562 3925 651 3972 mens3
673 3907 784 3982 suscipe
799 3903 918 3960 verbalia
936 3905 1068 3962 sacrificia
1087 3929 1154 3985 quae
1171 3911 1211 3966 via
1231 3929 1244 3964 a
1261 3929 1317 3974 me;
1339 3919 1367 3963 te

315 3995 385 4049 enim
402 3990 511 4050 volente
529 3993 617 4048 emnia
634 4001 806 4069 peraguntur.

366 4076 508 4134 Hermes.
540 4076 592 4146 Tu,
611 4098 627 4133 ο
643 4077 691 4147 fili,
710 4080 786 4134 mitte
798 4076 975 4154 susceptibile
992 4077 1150 4136 sacrificium
1163 4083 1279 4138 omnium
1296 4084 1367 4159 patri

315 4160 375 4220 (leo.
411 4163 461 4221 sed
477 4173 506 4220 et
523 4161 601 4234 atde,
620 4184 637 4220 ο
654 4163 702 4233 iili,
720 4184 771 4243 per
788 4183 946 4222 sermonem.

367 4247 438 4304 'lat
474 4249 581 4308 Gratias
599 4251 658 4320 tibi,
676 4261 763 4330 pater,
780 4249 876 4320 habeo,
895 4252 941 4328 qai
960 4260 990 4308 ut
1008 4249 1074 4307 baec
1091 4252 1243 4330 praedicem
1261 4271 1367 4330 espac-

316 4343 399 4392 catus.

367 4419 509 4478 Hermes.
545 4420 651 4490 hatur,
669 4422 718 4492 fili,
736 4422 851 4482 fructum
869 4435 897 4480 te
916 4427 1019 4500 cepisse
1038 4445 1071 4482 ex
1089 4425 1200 4482 veritate
1218 4421 1301 4490 bona,
1320 4425 1380 4478 im-'
