3517 5434
138 1340 141 1417 λ

138 1419 141 1495 6

138 1546 139 1623 ί

311 681 394 737 Ἰούλ.
844 669 904 729 1ss
946 707 951 716 ·
994 662 999 671 ¹
1040 627 1045 641 Ι

402 931 474 1017 [6⁸1]
501 930 666 1014 Ἐπιστολὴ
687 863 819 994 Ἰουλίου
842 931 1009 996 ἐπισκόπου
1025 924 1153 1015 Ρῶμης
1174 931 1250 1014 πρὸς
1236 929 1429 998 ςΔιονόσιον

316 1034 369 1113 τῆς
386 1028 656 1112 Ἀλεξανδρείαςέ
657 1030 817 1093 πίσκοπον.

402 1126 560 1209 Θαυμάζω
580 1124 813 1208 πυνθανόμενος
831 1129 901 1210 περὶ
921 1133 1008 1190 τινῶν
1030 1123 1263 1208 ὁμολογούντων
1283 1126 1336 1208 μὲν
1357 1123 1429 1188 θεὸν

317 1222 463 1306 ένσαρκον
492 1225 543 1285 τὸν
568 1223 687 1306 κύριον,
717 1224 957 1305 περιπιπτόντων
982 1225 1016 1287 δὲ
1038 1227 1078 1305 τη
1101 1219 1248 1304 διαιρέσει
1270 1229 1309 1306 ιη]
1330 1227 1455 1305 κακῶςι

283 1321 376 1382 ύύπδ
407 1323 466 1380 τῶν
493 1320 753 1392 παυλιανιζύντων
782 1322 974 1406 εἰσαχθείοη.
1023 1321 1133 1383 ἐκεῖνοι
1157 1317 1291 1401 μὲνγὰρ
1315 1317 1430 1402 Παύλῳ

316 1423 360 1502 τιῦ
385 1416 565 1500 Σαμοσατεῖ
590 1418 790 1486 δουλεύοντες
811 1417 905 1480 ἄλλον
931 1419 984 1501 μὲν
1008 1419 1059 1480 τὸν
1084 1415 1114 1484 έΕ
1139 1415 1272 1499 ούρανοῦ
1296 1415 1430 1497 λέγουσι,

315 1514 389 1577 θεὸν
413 1515 664 1597 ύμολογοῦ[ν]τες
683 1514 787 1595 αὐτόν,
807 1515 902 1578 ἄλλον
925 1517 959 1579 δὲ
979 1517 1029 1580 τδν
1052 1515 1086 1576 ἐκ
1103 1518 1169 1596 γῆς,
1188 1512 1363 1597 ἄνθρωπον,
1383 1511 1430 1574 λέ-

314 1633 419 1694 γοντες
440 1611 490 1673 τὸν
515 1612 569 1694 μὲν
593 1612 748 1690 ἄκτιστον,
772 1615 824 1676 τὸν
847 1612 882 1674 δὲ
902 1611 1036 1689 κτιστύν,
1058 1613 1110 1674 τὸν
1133 1611 1187 1694 μὲν
1214 1611 1356 1683 αἰώνιον,
1379 1610 1429 1670 τὸν

316 1707 351 1769 δὲ
371 1707 529 1792 χθεσινόν,
548 1712 599 1772 τὸν
624 1712 678 1793 μὲν
700 1710 867 1793 δεσπότην,
888 1711 938 1772 τὸν
962 1710 997 1774 δὲ
1019 1711 1147 1784 δοῦλον,
1171 1707 1370 1792 ἀσεβοῦντες,
1395 1703 1430 1768 ἄν

267 1814 300 1865 10
317 1826 350 1866 τε
372 1811 594 1887 προσκυνῶσιν,
617 1809 650 1871 ὃν
674 1807 798 1890 λέγουσι
819 1808 931 1871 δοῦλον
955 1809 1006 1871 καὶ
1028 1805 1156 1881 κτιστύν,
1182 1803 1218 1867 άν
1239 1826 1272 1866 τε
1294 1803 1335 1886 μὴ
1358 1824 1430 1884 προ-

316 1906 449 1964 σκυνῶσι
476 1904 527 1966 τδν
558 1905 785 1988 ἐξαγοράσαντα
811 1907 893 1988 ἡμᾶς
923 1911 967 1990 τῷ
996 1906 1064 1990 ίδίιρ
1092 1903 1205 1986 αίματι.
1256 1901 1286 1962 οἱ
1314 1901 1349 1962 δὲ
1379 1900 1430 1962 τὸν

317 1997 348 2068 ἐξ
376 1998 510 2082 ούρανοῦ
540 2001 614 2063 θεὸν
645 2002 869 2084 ὁμολογοῦντες
897 2002 931 2066 ἐκ
958 2007 1011 2086 τῆς
1033 2001 1190 2086 παρθένου
1216 1997 1431 2082 σεσαρκῶσθαι

315 2096 367 2158 καὶ
392 2095 446 2158 ἕνα
474 2097 552 2160 εἶναι
580 2098 656 2179 μετὰ
680 2102 735 2180 τῆς
756 2101 868 2183 σαρκὸς
890 2101 986 2183 μάτην
1007 2099 1229 2182 ταράσσουσιν,
1258 2097 1299 2164 εἰς
1320 2094 1358 2157 τὰ
1380 2093 1430 2177 ’ρή-

316 2214 396 2273 ματα
419 2198 472 2275 τῆς
493 2194 617 2257 ἐκείνων
636 2196 780 2280 ἀσεβείας
797 2196 1012 2281 ἐκφερόμενοι.
1052 2195 1176 2279 λέγουσι
1195 2194 1252 2278 γὰρ
1271 2193 1322 2255 καὶ
1344 2189 1431 2269 αύτολ

266 2300 298 2351 15
316 2291 375 2367 (ῶς
386 2290 507 2372 ἀκούω)
523 2290 578 2353 δύο
593 2291 709 2374 φύσεις,
728 2295 826 2358 καίτοι
839 2299 894 2356 τοῦ
906 2292 1051 2356 Ἰωάννου
1065 2297 1174 2377 σαφῶς
1187 2291 1241 2354 ἕνα
1255 2287 1430 2356 ἀποδείξαν-

315 2409 366 2454 τος
385 2389 436 2449 τὸν
457 2389 560 2471 κύριον
585 2387 616 2448 ἐν
636 2394 680 2472 τῷ
699 2390 798 2473 λέγειν
814 2392 851 2467 „6
865 2390 957 2472 λόγος
969 2389 1041 2473 σὰρξ
1056 2388 1196 2471 ἐγένετά*
1217 2387 1334 2448 καὶτοῦ
1350 2383 1431 2446 Παύ·

315 2485 371 2546 λου
393 2483 424 2544 ἐν
443 2489 488 2567 τῷ
508 2485 607 2566 λέγειν
630 2487 693 2562 ,εἷς
713 2487 818 2570 κύριος
834 2486 954 2570 Ἰησοῦς
972 2485 1104 2570 χριστός,
1126 2484 1164 2546 δι’
1187 2483 1223 2546 ού
1245 2483 1283 2546 τὰ
1301 2483 1430 2546 πάντα“.
1507 2496 1512 2506 ’

316 2581 344 2642 εί
370 2585 443 2662 γοῦν
471 2581 552 2658 ,είς“
580 2584 597 2646 6
619 2582 728 2665 ἐνιπῆς
750 2584 837 2665 ἁγίας
860 2583 1017 2666 παρθένου
1041 2581 1162 2667 τεχθεὶς
1182 2579 1361 2664 ὠνόμασται
1380 2579 1432 2640 καὶ

315 2676 408 2746 αύτός
428 2677 491 2741 ἐστι
518 2680 578 2756 ,δι’
600 2679 637 2744 ού
658 2681 696 2744 τὰ
714 2683 814 2744 πάντα
834 2681 973 2762 γέγονε“,
1004 2680 1058 2763 μία
1080 2679 1169 2764 φύσις
1193 2679 1289 2754 ἐστίν,
1322 2675 1429 2758 ἐπειδὴ

171 2782 178 2792 ’
265 2775 481 2859 θθπρόσωπον
504 2777 536 2840 ἓν
560 2775 654 2863 ἔχων,
678 2781 721 2848 εἰς
741 2780 797 2842 δύο
816 2780 852 2842 οὐ
870 2780 1041 2863 διαιρεῖται,
1067 2777 1134 2840 ἐπεὶ
1158 2777 1237 2894 μηδὲ
1260 2774 1321 2838 ἰδία
1343 2773 1432 2858 φύσις

315 2874 348 2937 τὸ
377 2877 484 2956 σῶμα,
514 2878 558 2944 ῶς
582 2876 644 2938 ἰδία
674 2876 763 2960 φύσις
793 2878 813 2960 ἡ
842 2876 953 2959 θεότης
975 2875 1105 2938 κατὰ
1078 2899 1131 2960 την
1157 2876 1325 2958 σάρκωσιν,
1359 2871 1429 2934 ἀλλ’

314 2970 419 3053 ῶσπερ
442 2968 661 3056 ἄνθρωπος’
626 2996 680 3055 μια
704 2974 803 3058 φύσις,
830 2975 911 3038 ούτω
934 2974 984 3036 καὶ
1008 2973 1038 3035 έν
1025 2976 1236 3058 νόμοιιύματι
1257 2971 1430 3056 ἀνθρώπων

314 3066 478 3150 γενόμενος
504 3069 636 3153 χριστός.
683 3073 711 3134 εί
740 3074 776 3136 δὲ
806 3071 863 3134 υύκ
890 3070 1142 3153 ἑπιηιγνόισκουσι
1167 3071 1200 3133 τὸ
1225 3069 1297 3132 καθ’
1322 3070 1429 3132 ένωσιν

316 3163 359 3240 ἕν,
385 3165 527 3228 δύνανται
548 3169 600 3229 καὶ
621 3169 667 3236 είς
688 3169 791 3233 πολλὰ
816 3170 947 3254 μερίζειν
971 3170 1021 3231 τὸν
1044 3168 1099 3230 ἕνα
1121 3167 1172 3230 καὶ
1192 3167 1311 3235 πολλὰς
1332 3165 1429 3248 λέγειν

264 3273 299 3326 θό
318 3262 440 3346 φύσεις,
470 3263 576 3347 ἐπειδὴ
607 3265 768 3333 πολυειδὲς
792 3268 826 3329 τὸ
854 3271 945 3350 σῶμα
976 3266 1007 3335 ἐξ
1030 3263 1144 3328 ύστέων
1166 3263 1217 3326 καὶ
1240 3263 1356 3347 νεύρων
1380 3262 1430 3326 καὶ

316 3358 391 3446 [68]
412 3361 536 3444 φλεβῶν
558 3365 610 3424 καὶ
633 3363 746 3446 σαρκὸς
767 3364 819 3425 καὶ
841 3364 1008 3447 δέρματος,
1036 3361 1156 3446 ὀνύχων
1179 3383 1212 3422 τε
1233 3361 1283 3423 καὶ
1307 3364 1430 3443 τριχῶν,

317 3457 445 3540 αίματός
476 3481 509 3520 τε
540 3459 591 3520 καὶ
620 3459 811 3540 πνεύματος,
844 3460 922 3544 άπερ
954 3461 1074 3524 ἅπαντα
1104 3457 1254 3542 διαφορὰν
1285 3456 1339 3539 μὲν
1363 3453 1429 3540 ἔχει

315 3555 392 3638 πρὸς
419 3553 558 3636 ἄλληλα,
590 3556 645 3637 μία
668 3556 816 3640 δὲφύσις
839 3557 918 3620 ἐστὶν
942 3558 1126 3642 ἀνθρώπου,
1158 3557 1239 3618 ὥστε
1260 3554 1311 3616 καὶ
1333 3554 1353 3636 ἡ
1377 3555 1431 3634 τῆς

315 3650 462 3734 θεότητος
483 3651 616 3735 ἀλήθεια
636 3652 718 3735 μετὰ,
733 3657 788 3714 τοῦ
810 3653 952 3737 σώματός
973 3655 1105 3718 ἐστικαὶ
1125 3653 1168 3722 είς
1188 3652 1243 3715 δύο
1267 3652 1374 3735 φύσεις
1393 3649 1429 3714 ιιύ

265 3758 301 3811 30
318 3748 481 3831 μερίζεται.
524 3748 673 3833 οὔτεγὰρ
697 3749 762 3815 οίόν
783 3773 817 3814 τε
839 3751 876 3835 ἦν
897 3753 931 3814 τδ
956 3752 1027 3814 όλον
1050 3752 1115 3815 υίδν
1141 3751 1308 3834 ἀνθρώπου
1330 3751 1429 3810 καλεῖ-

317 3843 389 3906 σθαι
417 3846 650 3931 καταβεβηκότα
677 3848 708 3917 ἐξ
736 3848 870 3933 ούρανοῦ
899 3850 950 3912 καὶ
983 3850 1047 3913 υἱὸν
1077 3851 1153 3912 θεοῦ
1182 3846 1366 3930 γεννηθέντα
1396 3844 1430 3907 ἐκ

315 3941 466 4024 γυναικός,
486 3944 514 4006 εἰ
535 3943 590 4006 δύο
614 3944 740 4030 φύσεων
761 3947 907 4030 διαίρεσιν
934 3947 1124 4032 ἐπιδέχεται·
1147 3944 1227 4008 ἀλλὰ
1247 3945 1280 4007 τό
1304 3944 1358 4025 μὲν
1378 3963 1429 4004 κα·

225 4093 228 4097 .
315 4041 485 4126 ταβεβηκδς
516 4041 547 4110 ἐξ
579 4042 713 4127 ούρανοῦ
743 4045 882 4108 ἐκαλεῖτο
916 4043 951 4108 ἂν
986 4045 1052 4114 υἱὸς
1018 4045 1160 4108 δθεοῦ
1192 4043 1243 4106 καὶ
1274 4040 1431 4125 ούχς
1366 4040 1431 4106 υίδς

316 4139 494 4222 ἀνθρώπου,
516 4140 549 4202 τὸ
574 4141 609 4204 δὲ
630 4142 777 4225 γεννηθὲν
801 4143 835 4206 ἐκ
856 4143 999 4226 γυναικὸς
1019 4143 1158 4205 ἐκαλεῖτο
1181 4139 1246 4207 υίὸς
1263 4137 1429 4221 ἀνθρώπου

265 4241 299 4294 35
316 4236 366 4298 καὶ
392 4236 452 4322 ούχ
477 4239 542 4306 υἱὸς
563 4239 656 4302 θεοῦ·
689 4241 741 4303 καὶ
762 4244 851 4303 τοῦτο
876 4239 982 4304 ἕπεται
1004 4264 1040 4324 τη
1063 4241 1251 4322 παολιανικη
1273 4233 1429 4318 διαιρέσει.

315 4335 397 4417 ἡμᾶς
425 4336 460 4398 δὲ
488 4338 520 4399 αί
540 4335 624 4399 θεῖαι
644 4339 762 4421 γραφαὶ
785 4321 979 4401 διδάσκουσιν
1005 4341 1048 4407 ῶς
1069 4337 1193 4421 περὶν
1161 4337 1193 4398 ἑ
1196 4337 1230 4404 6
1247 4339 1301 4398 τοῦ
1323 4333 1428 4415 κυρίου

316 4436 439 4516 φρονεῖν
464 4434 541 4495 κατὰ
570 4434 624 4516 τὴν
651 4434 681 4503 ἐξ
711 4435 846 4519 ούρανοῦ
872 4436 1039 4514 κατάβασιν
1066 4435 1118 4498 καί
1147 4436 1199 4516 τὴν
1227 4433 1262 4496 ἐκ
1289 4431 1430 4514 γυναικὸς

316 4527 418 4590 ἐπὶ
383 4551 438 4612 γης
457 4530 584 4613 γένεσιν.
630 4534 659 4595 οί
680 4533 779 4596 τοίνυν
801 4535 883 4597 οὕτω
908 4539 1092 4618 φρονοῦντες
1117 4533 1157 4618 μὴ
1183 4533 1225 4600 εἰς
1249 4529 1428 4614 ὁμοφωνίαν
