3517 5434
382 688 416 739 36
792 684 881 750 Λόγος
901 682 915 733 ὁ
935 683 1035 752 κριιιηρ
1340 701 1384 748 rap
1413 683 1437 730 l.

381 848 425 916 εὶς
447 841 566 903 τοῦτον
589 836 647 902 τὸν
670 839 827 923 κρατῆρα,
850 837 871 918 ή
896 833 1091 903 πιστεύουσα
1112 831 1163 899 ὅτι
1177 829 1332 923 ἀνελεύση
1357 835 1439 917 πρὸς

380 954 439 1017 τὸν
468 952 734 1034 καταπέμψαντα
768 944 829 1014 τὸν
857 951 1015 1035 κρατῆρα,
1044 945 1065 1026 ἡ
1092 947 1295 1033 γνωρίζουσα
1323 949 1376 1008 ἐπὶ
1407 951 1439 1009 τί

380 1066 527 1146 γέγονας.
579 1055 655 1124 ὅσοι
688 1063 748 1142 μὲν
784 1051 844 1125 οῦν
879 1062 1026 1138 συνῆκαν
1054 1061 1112 1122 τοῦ
1146 1054 1353 1142 κηρύγματος
1381 1060 1473 1121 κιιὶ3

270 1240 294 1253 κ
338 1225 364 1237 ,
381 1175 602 1261 έγῇπτίσαντο
625 1173 685 1235 τοῦ
708 1168 798 1249 νοός,
829 1162 921 1235 οῦτοι
948 1175 1106 1254 μετέσχον
1128 1173 1186 1248 τῆς
1214 1165 1361 1274 γνήσιος
1382 1172 1438 1232 καὶ

381 1287 496 1377 τέὶριοι
525 1286 676 1365 ἐγένοντο
706 1277 885 1368 ἀνθρωττοι
912 1275 971 1344 τάν
994 1283 1073 1344 νοῦν
1097 1277 1281 1365 δεξάμενοι·
1306 1274 1379 1343 ὅσοι
1403 1281 1437 1342 δὲ

319 1367 357 1389 l
382 1388 532 1481 ἥμαρτον
560 1395 620 1458 τοῦ
647 1391 871 1479 κηρύγματος,
902 1389 998 1456 αὐτοὶ
1027 1394 1086 1474 μὲν
1109 1386 1168 1456 τὸν
1190 1389 1300 1474 λόγον,
1322 1386 1381 1453 τάν
1404 1392 1473 1456 δύο

379 1508 459 1569 νοῦν
489 1500 535 1587 μή
564 1501 820 1594 προςειληιγότες
848 1501 1042 1585 ἀγνοοῦσιν,
1072 1505 1123 1566 ἐπὶ
1153 1507 1184 1566 τί
1206 1499 1358 1585 γεγόνασι
1382 1505 1437 1566 καὶ

335 1621 354 1680 5
378 1611 441 1680 ὑπὸ
459 1618 557 1689 τίνος.
588 1619 625 1678 αἱ
641 1616 675 1679 δὲ
691 1612 868 1694 αἰσθήσεις
883 1609 1008 1679 τούτων
1024 1625 1096 1689 ταῖς
1118 1617 1183 1678 τῶν
1198 1609 1328 1696 ἀλόγων
1349 1610 1438 1690 ζώων

380 1722 617 1810 παραπλήσιαι,
639 1729 696 1789 καὶ
717 1731 752 1791 έν
774 1727 876 1808 θυμῷ
899 1727 954 1789 καὶ
978 1729 1012 1789 έν
1035 1722 1116 1814 ἀργῇ
1138 1719 1199 1804 τήν
1214 1726 1330 1810 κρᾶσιν
1346 1727 1435 1808 έχον-
1457 1733 1475 1782 9

380 1862 440 1915 τες,
464 1835 503 1901 ού
525 1832 740 1920 θαυμάζουσι
763 1832 804 1900 τά
827 1839 914 1912 θέας
937 1830 1022 1913 ἀξια,
1045 1843 1117 1910 ταῖς
1140 1837 1174 1900 δὲ
1196 1839 1262 1899 τῶν
1276 1831 1437 1918 σωμάτοιν

380 1948 517 2027 ἡδοναῖς
538 1949 594 2011 καὶ
618 1944 743 2032 ὀρέξεσι
770 1952 986 2032 προσέχοντες
1008 1941 1064 2010 clici
1092 1949 1197 2011 ταῦτα
1219 1941 1278 2011 τάν
1301 1941 1437 2031 ἀνθρω-

380 2083 443 2124 πον
472 2063 642 2141 γεγονέναι
669 2054 885 2123 πιστεύουσιν.
932 2054 1009 2122 ὅσοι
1037 2059 1070 2122 δὲ
1094 2060 1152 2137 τῆς
1176 2051 1242 2121 ἀπὸ
1271 2061 1331 2123 τοῦ
1353 2058 1438 2121 θεοῦ
1458 2069 1491 2118 12

381 2172 505 2254 δωρεᾶς
520 2172 686 2252 μετέσχον,
710 2160 808 2245 οὗτοι,
831 2159 858 2231 ὦ
879 2165 958 2245 Teia,
974 2166 1058 2232 κατά
1075 2165 1242 2253 σύγκρισιν
1257 2171 1321 2234 τῶν
1336 2171 1438 2253 έργιον

379 2275 553 2342 ἀθάνατοι
581 2277 657 2340 ἀντὶ
687 2280 823 2357 θνητῶν
851 2281 928 2356 εἰσί,
958 2277 1068 2342 πάντα
1097 2276 1369 2365 ἐμπεριλαβόντες
1391 2283 1437 2361 τῷ

380 2390 505 2453 έοιυτῶν
519 2389 573 2451 νοῖ
596 2382 638 2450 roi
662 2389 714 2451 ἐπὶ
736 2389 796 2465 τῆς
809 2391 871 2470 γῆς
892 2383 936 2452 τά
958 2393 993 2452 ὲν
1017 2386 1147 2473 οὐρανῷ
1169 2393 1224 2455 καὶ
1248 2391 1277 2456 εἰ’
1297 2396 1329 2456 τί
1351 2397 1438 2454 ἐστιν
1458 2406 1491 2454 15

379 2500 458 2584 ὑπὲρ
489 2496 641 2585 ούρανόν.
692 2501 853 2563 τοσοῦτον
889 2494 1026 2576 έοιυτοῦς
1058 2496 1251 2586 ύψιύσαντες
1285 2499 1372 2566 εἶδον
1400 2497 1438 2565 τὸ

381 2607 534 2694 ἀγαθόν,
569 2610 624 2672 καὶ
660 2606 784 2684 ὶὸύντες
817 2606 996 2698 συμφορὰν
1024 2608 1193 2694 ἡγήσαντο
1224 2607 1284 2693 τήν
1313 2609 1438 2679 evector

450 2789 475 2838 4.
495 2783 545 2838 τοῦ
564 2785 634 2851 νοός]
655 2788 691 2853 τῷ
710 2788 822 2858 κρατῆρι
839 2807 924 2854 margo
943 2789 974 2840 B.
1047 2789 1071 2840 6.
1090 2794 1136 2860 μὲν
1154 2791 1308 2860 τὸνλόγον]
1327 2796 1353 2842 οἱ
1370 2793 1437 2856 λογι-

450 2874 493 2924 κοὶ
510 2872 542 2925 Β.
619 2873 643 2924 7.
663 2868 818 2940 ἀγνοοῦσιν]
842 2874 932 2939 sicli,
956 2870 1115 2943 ἀγνοοῦντες
1137 2877 1236 2946 reliqui.
1312 2877 1337 2928 8.
1356 2874 1438 2939 τίνος]

450 2957 484 3008 sic
502 2958 525 3008 B
544 2958 620 3023 Patr,
638 2964 715 3011 τίνων
733 2960 832 3030 reliqui.
912 2961 953 3012 ll).
973 2961 1158 3031 θαυμάζουσι]
1177 2963 1211 3012 sic
1230 2963 1251 3012 B
1271 2963 1349 3026 Pau„
1370 2968 1439 3014 θοιν·

450 3045 579 3112 μάζοντες
601 3042 634 3096 ού
652 3046 750 3113 reliqui.
862 3045 900 3096 ll.
921 3061 977 3096 ante
1000 3047 1044 3097 διὰ
1069 3045 1125 3094 libri
1145 3049 1201 3097 add.
1221 3051 1279 3108 καὶ,
1302 3069 1352 3098 orn.
1374 3047 1439 3097 Paua

452 3130 494 3180 12.
519 3129 705 3195 πιστεύουσιν]
733 3131 766 3181 sic
794 3132 829 3193 B,
857 3131 1025 3188 πιστεύοντες
1051 3129 1150 3195 reliqui.
1180 3126 1195 3196 ΙΙ
1250 3134 1299 3182 τοῦ
1327 3152 1376 3181 orn.
1408 3136 1436 3180 Α.

452 3216 493 3266 15.
512 3214 558 3282 τῆς
577 3236 628 3266 orn.
647 3216 696 3265 B(

382 3385 442 3420 esse
460 3365 494 3417 ad
513 3383 573 3417 eum
591 3366 637 3436 qui
655 3365 728 3416 misit
746 3371 884 3426 craterem,
903 3380 970 3434 quae
988 3363 1142 3435 cognoscis,
1167 3361 1201 3415 ad
1220 3363 1286 3436 quid
1303 3364 1371 3420 laeta
1389 3368 1435 3420 sis.

381 3452 533 3521 quicunqne
554 3465 619 3500 sane
641 3444 833 3499 intellexerunt
854 3446 1025 3519 praeconium
1052 3455 1079 3500 et
1097 3447 1215 3502 immersi
1239 3452 1348 3506 suntin
1366 3472 1436 3507 men·

383 3544 448 3598 tem,
471 3533 518 3586 isti
540 3533 735 3608 participarunt
757 3531 937 3600 cognitionem
961 3540 988 3584 et
1006 3531 1117 3607 perlecti
1141 3546 1284 3592 evaserunt
1306 3536 1435 3604 homines.

382 3638 442 3672 eum
464 3627 580 3672 mentem
602 3617 798 3692 suscepissent;
821 3616 868 3690 qui
890 3635 956 3671 vero
979 3635 1032 3672 non
1056 3632 1234 3697 perceperunt
1255 3627 1435 3701 praeconium,

381 3705 435 3777 ipsi
455 3703 562 3775 quidem
581 3722 738 3766 sermonem,
757 3720 811 3755 non
830 3711 917 3757 autem
935 3713 1048 3758 mentem
1068 3704 1157 3780 adepti
1171 3709 1301 3782 ignorant,
1319 3712 1353 3767 ad
1372 3711 1436 3787 quid

383 3787 446 3840 laeti
464 3787 520 3838 sint
538 3795 565 3838 et
578 3807 592 3839 a
604 3806 665 3859 que.
697 3805 793 3841 seusus
812 3798 899 3843 autem
917 3789 1012 3846 borum
1031 3793 1132 3848 similes
1151 3805 1213 3849 sunt
1226 3796 1365 3854 brutorum
1384 3799 1437 3852 ani-

383 3869 490 3924 malium
508 3870 641 3937 sensibus,
660 3877 688 3924 et
705 3873 733 3926 in
751 3875 832 3929 animi
851 3875 1011 3932 confidentia
1031 3889 1058 3933 et
1075 3881 1103 3934 in
1115 3881 1154 3934 ire
1168 3886 1322 3957 temperiem
1339 3883 1436 3936 baben-

383 3967 425 4008 tes
444 3974 498 4008 neu
516 3953 679 4009 admirantur
698 3977 727 4010 ea
747 3978 815 4033 quae
833 3971 897 4015 sunt
915 3963 1070 4036 spectaculo
1094 3965 1185 4038 digna,
1209 3986 1352 4042 corporum
1371 3986 1435 4021 rere

383 4039 567 4114 voluptatibus
586 4050 613 4094 et
631 4044 793 4117 appetitibus
812 4045 906 4112 dediti,
926 4046 1021 4101 obbas
1034 4047 1167 4103 hominem
1186 4070 1246 4104 esse
1263 4051 1360 4105 laetum
1380 4072 1436 4106 ere-

384 4123 459 4178 dunt.
492 4134 662 4200 quotcunque
680 4148 744 4182 vero
764 4129 807 4184 dei
831 4130 903 4183 douo
922 4134 1067 4207 participes
1091 4132 1152 4186 laeti
1172 4143 1247 4200 sunt,
1271 4134 1312 4202 hi,
1335 4155 1351 4190 ο
1375 4135 1435 4206 Τοῐ,

383 4229 433 4285 per
450 4213 673 4286 comparationem
692 4233 802 4288 eperum
826 4214 988 4270 immortales
1011 4237 1061 4291 pro
1080 4216 1235 4272 mortalibus
1254 4231 1329 4290 sunt,
1349 4226 1435 4280 omnia

384 4294 516 4371 compleri
539 4316 586 4351 sua
609 4306 710 4362 mente,
732 4307 759 4351 et
783 4308 887 4352 terrena
911 4307 938 4352 et
961 4299 1085 4356 caelestia
1110 4311 1137 4356 et
1158 4304 1182 4357 si
1207 4305 1271 4378 quid
1295 4317 1337 4363 est
1354 4329 1433 4386 supra

384 4380 490 4436 eaelum.
524 4391 624 4438 tantum
638 4404 666 4438 se
686 4384 767 4459 ipsos*
780 4383 914 4438 elevantes
934 4399 1128 4461 conspexerunt
1151 4390 1255 4458 bunum,
1277 4403 1302 4447 el
1321 4415 1378 4450 eum
1398 4397 1433 4450 ri·
