3517 5434
857 633 899 698 7⁵

319 800 370 862 καὶ
399 797 501 862 οὐκέτι
528 797 695 883 καιομένης
717 803 830 885 σαρκός
849 800 973 885 θρῆνυς·
990 797 1159 883 ἐπέμπετο,
1191 797 1259 862 ἀλλ’
1285 799 1319 862 ἐκ
1340 821 1433 882 πανη-

318 897 500 981 γυριζούσης
531 901 633 982 ψυχῆς
665 895 749 982 ηἰσμα
777 897 928 976 ἐτελεῖτο,
960 895 1136 981 παρέκυψεν
1167 895 1240 958 ἰδεῖν
1270 896 1308 960 τά-
1335 895 1433 972 ἔνδον,

317 996 474 1079 τετίμηται
502 992 622 1078 τγῖ-τυύ
650 995 781 1078 ἀγγέλου
805 996 941 1080 θεωρία,
973 995 1075 1080 ἀφῆκε
1099 994 1204 1078 φωνὴν
1240 993 1331 1079 ,οὐχὶ
1355 996 1435 1076 τρεῖς

318 1092 431 1177 ἀνδρας
452 1093 638 1177 ἐνεβάλυμεν
662 1094 704 1162 είς
721 1094 774 1177 τὴν
798 1096 942 1179 κάμινον;
968 1091 1034 1156 ίδού
1056 1090 1206 1176 τέσσαρας
1225 1093 1288 1177 όρῶ
1312 1091 1363 1154 καὶ
1382 1091 1434 1154 τὸν

317 1191 458 1274 τέταρτον
482 1194 525 1259 ὡς
545 1189 652 1273 ὅμοιον
676 1191 734 1278 υίιγῖ
756 1191 863 1255 θεού.“
895 1189 1015 1260 εὐθέως
1035 1191 1109 1270 γοῦν
1132 1189 1244 1273 γράφει
1267 1189 1342 1272 ύπέρ
1365 1188 1465 1286 τού-β

319 1309 372 1350 του
400 1286 494 1370 νόμον
524 1288 687 1371 ὁμολογεῖν
709 1290 760 1352 τὸν
782 1287 874 1364 θεόν,
906 1291 1068 1372 μαρτυρεῖν
1091 1285 1143 1368 τὴν
1168 1285 1334 1370 ἀλήθειαν·
1370 1285 1433 1370 ἐξη-

318 1385 410 1468 γητὴς
436 1391 489 1469 τῆς
519 1387 658 1469 ὁράσεως
685 1385 808 1467 γίνεται.
852 1387 1060 1471 διαβάλλωμεν
1084 1381 1137 1446 οὐν
1161 1383 1214 1453 τὰς
1235 1384 1391 1468 ἐξηγήσεις
1413 1384 1432 1467 ἢ

319 1481 538 1566 ὐπαινέσομεντ
563 1483 656 1546 καλδν
678 1483 712 1545 τὸ
735 1482 916 1566 πρεσβεύειν
940 1483 1014 1566 ὑπὲρ
1036 1486 1172 1566 χριστοῦ.
1209 1482 1228 1565 ίγ
1252 1481 1282 1544 έν
1306 1487 1433 1566 πονηρηῖ

319 1579 407 1664 μέρει
428 1579 503 1644 αὐτὸ
526 1579 643 1662 έῶμεν;
666 1579 694 1641 εί
717 1579 848 1663 μὲνγὰρ
869 1581 903 1644 τὸ
925 1579 1104 1666 πρεσβεύειν
1127 1577 1164 1640 τά
1184 1577 1256 1641 θεῖα
1275 1577 1364 1661 λόγια
1383 1580 1433 1642 καὶ

319 1677 474 1761 μάρτυρας
497 1676 576 1743 είναι
595 1680 649 1760 τῆς
672 1676 822 1758 ἀληθείας
844 1675 950 1754 καλόν,
973 1676 1161 1762 ἐπρέσβευσε
1186 1677 1220 1738 δὲ
1242 1677 1292 1740 καὶ
1312 1674 1431 1762 Ναβου-
1451 1691 1484 1744 ω

318 1773 491 1860 χυδονόσορ
517 1775 568 1838 καὶ
592 1772 709 1859 ἔγραψε
727 1774 778 1836 καὶ
801 1774 844 1842 είς
865 1779 966 1838 πᾶσαν
989 1774 1042 1857 τὴν
1066 1774 1164 1858 ἀρχὴν
1187 1772 1281 1836 αὐτού
1302 1773 1433 1860 έπεμψε,

318 1872 445 1936 λέλυται
464 1872 484 1956 ἡ
507 1871 606 1958 φύσις.
641 1872 842 1956 ἐπιστάμενος
862 1871 920 1956 γὰρ
942 1873 975 1935 τό
1000 1870 1105 1948 καλόν,
1128 1871 1204 1955 πρὸς
1224 1871 1276 1954 τὴν
1302 1871 1433 1955 μάθησιν

318 1970 434 2056 ἔβλεψε
464 1975 519 2034 τοῦ
547 1972 655 2034 καλοῦ.
697 1970 725 2032 εί
754 1969 789 2032 δὲ
817 1969 956 2056 ἤμβλυνε
984 1971 1036 2054 τὴν
1066 1969 1197 2052 μάθησιν
1221 1975 1259 2052 τγῙ
1282 1973 1358 2052 πρδς
1380 1971 1432 2053 τὴν

317 2070 465 2154 πονηρίαν
486 2067 636 2143 διαθέσει,
659 2073 882 2151 κατηγορεῖται.
926 2069 1030 2151 ἕτερον
1049 2065 1106 2150 γὰρ
1126 2067 1158 2130 τό
1181 2065 1263 2135 όλως
1281 2067 1322 2151 μὴ
1346 2067 1432 2130 δύνα-

318 2167 391 2230 σθαι
419 2171 516 2230 ποιεῖν
549 2167 583 2229 τθ
609 2165 721 2245 καλόν,
758 2166 861 2250 ἕτερον
885 2167 924 2230 δέ
950 2166 983 2228 τὸ
1011 2162 1125 2228 εἰδέναι
1154 2163 1227 2248 μέν,
1267 2165 1307 2249 μὴ
1345 2165 1431 2228 δύνα-
1452 2177 1484 2232 ιύ

318 2265 391 2334 σθαι
425 2265 460 2328 δέ
493 2269 531 2347 τῇ
564 2265 640 2348 πρὸς
670 2263 707 2326 τά
737 2263 823 2347 πάθη
859 2264 942 2348 βοτη
977 2263 1162 2346 ἡττώμενον.
1205 2263 1310 2346 ἐπειδὴ
1340 2263 1374 2326 δὲ
1402 2261 1433 2324 ἐν

317 2362 493 2446 ἀνθρώποις
524 2363 637 2446 καρποί
669 2365 724 2424 τοῦ
760 2361 909 2447 διαβόλου
943 2359 1003 2445 οὐχ
1032 2357 1204 2444 εὑρέθησαν
1235 2361 1288 2423 καὶ
1319 2359 1433 2424 ἐδυαω·

318 2462 403 2522 πεῖτο
439 2458 540 2524 αὐτῶν
579 2460 596 2522 ό
627 2459 740 2543 τρόπος
770 2459 822 2522 καὶ
848 2459 989 2544 ἠλέγχθη
1025 2457 1125 2522 αὐτῶν
1160 2481 1178 2540 η
1210 2457 1335 2536 ἀτοπία,
1373 2464 1433 2524 πού

317 2557 424 2620 λοιπόν
453 2560 635 2641 τραπῶμεν;
665 2556 693 2618 εί
721 2556 762 2639 μὴ
792 2555 852 2645 ἄρα
883 2557 958 2640 πρὸς
986 2556 1056 2626 τοὺς
1085 2555 1233 2639 δαίμονας
1256 2557 1433 2640 βαδίσομεν,

318 2653 401 2736 εἴγε
425 2654 466 2736 μὴ
490 2653 552 2738 ἀρα
574 2655 724 2739 φήσουσιν
750 2654 942 2737 ,ἀνθρώπων
965 2654 1018 2736 μὲν
1040 2653 1141 2720 οὐδεὶς
1160 2654 1276 2736 καρπδς
1295 2659 1348 2716 τοῦ
1369 2655 1430 2718 δια·
1448 2669 1484 2722 βο

319 2750 426 2837 βόλυυ,
450 2752 593 2834 δαίμονες
615 2751 649 2812 δὲ
668 2750 754 2832 γόνοι
773 2752 824 2813 καὶ
845 2752 968 2818 τοκετὸς
991 2749 1080 2833 μόνοι
1104 2748 1230 2812 αὐτού“.
1270 2753 1321 2814 καὶ
1337 2757 1433 2816 ταῦτα

318 2845 457 2930 λέγοντες
480 2847 756 2931 δυσωπηθησονται
780 2849 835 2931 μὲν
855 2848 906 2910 καὶ
930 2846 960 2909 ἐν
984 2841 1244 2931 τυύτῳ,’πρῶτυν
1268 2849 1302 2912 δὲ
1325 2849 1431 2914 ἀκουέ-

317 2967 431 3008 τωσαν.
477 2945 504 3008 εἰ
527 2944 628 3012 οὐδεὶς
647 2943 813 3029 ἄνθρωπος
831 2943 910 3013 τέως
931 2949 984 3024 tot}
1010 2945 1078 3012 ἑνὸς
1103 2943 1308 3022 ἀπυλέλυται,
1341 2948 1431 3012 οὐδὲν

318 3040 372 3106 οὐν
400 3045 501 3106 κοινόν
528 3048 572 3129 τῷ
590 3042 713 3126 Σατανᾷ
735 3043 848 3128 καὶτῷ
868 3043 926 3126 βίῳ
945 3041 1061 3127 τούτῳ,
1092 3041 1172 3106 ἀλλὰ
1192 3043 1312 3106 πάντων
1337 3045 1431 3129 ἀπήλ·

318 3142 442 3221 λακται,
473 3141 594 3204 πάντων
623 3139 731 3223 γέγονε
759 3140 859 3222 ξένος,
891 3139 1073 3226 ἑκβέβληται
1102 3133 1353 3225 καταπεπομένος
1381 3145 1431 3208 καὶ
1447 3159 1482 3214 υς

318 3236 397 3302 ἔστιν
427 3239 532 3323 ἀλωτὴ
562 3239 614 3302 καὶ
643 3239 717 3322 λοι-ἠ
747 3239 797 3302 καὶ
822 3239 958 3322 λυομένη
982 3238 1032 3300 καὶ
1055 3237 1299 3324 ἀναλισκομένη,
1331 3241 1433 3306 οὐκέτι

317 3336 354 3402 τὰ
373 3341 432 3401 τῶν
454 3338 496 3421 μὴ
516 3336 751 3422 ἀφανιζομένων
774 3337 989 3420 ύποστήσεται,
1011 3336 1052 3419 μὴ
1074 3334 1192 3420 ἔχουσα
1214 3337 1322 3422 δὲτὴν
1343 3340 1431 3424 φύσιν

317 3435 439 3520 ἀβλαβῆ
469 3435 520 3498 καὶ
548 3435 742 3520 ἀνώλεθρον,
775 3433 876 3499 οὐκέτι
904 3431 1049 3517 ἀγένητος
1074 3433 1356 3519 ὑποπτευθήσεται,
1390 3439 1431 3523 μὴ

318 3529 398 3596 ούσα
426 3533 460 3594 δέ
488 3530 650 3615 ἀγένητος,
683 3531 754 3596 οὐτε
784 3531 921 3617 ἄναρχος
948 3530 1019 3596 ούτε
1040 3531 1240 3615 ἀτελεύτητος
1263 3536 1433 3619 φανήσεται

317 3630 337 3710 ἡ
364 3628 470 3704 κακία,
496 3627 610 3692 άλλοτε
637 3630 691 3712 μὲν
722 3629 779 3693 οὐκ
806 3627 902 3705 οὐσα,
935 3627 1002 3713 ἀρτι
1030 3630 1064 3693 δέ
1092 3631 1227 3694 δοκούσα
1251 3629 1428 3718 ἐμβομβεῖν.
1447 3645 1483 3702 ω

317 3727 368 3788 καὶ
395 3724 453 3809 γὰρ
481 3725 498 3788 ό
520 3726 598 3788 ἐστιν
625 3725 682 3790 οὐκ
705 3726 796 3790 οὐσία
818 3726 915 3803 ἐστίν,
944 3727 1025 3790 ἀλλὰ
1046 3727 1166 3811 νόσημά
1189 3749 1217 3790 τι
1240 3731 1434 3816 συμβεβηκὸς

317 3823 388 3906 περὶ
417 3821 471 3891 τὰς
498 3820 621 3900 οὐσίας,
650 3824 818 3906 δυνάμενον
849 3827 908 3886 τῶν
939 3824 1052 3888 οὐσιῶν
1075 3827 1125 3888 καὶ
1147 3829 1207 3888 τῶν
1232 3825 1432 3892 ύποστάσεων

317 3920 520 4005 χωρισθῆναι.
562 3919 607 3983 ότι
634 3920 690 4006 γάρ
719 3919 811 3988 αὐτὸς
835 3920 851 3982 ό
873 3921 1016 3986 ἀπατεὼν
1040 3922 1115 4005 ὅπερ
1140 3923 1202 3988 ἐστὶ
1221 3923 1299 3988 κατὰ
1319 3930 1432 3988 πτῶσιν

318 4018 369 4080 καὶ
389 4017 456 4080 κατ’
481 4017 611 4103 ὄλεθρον
634 4019 792 4104 τυγχάνει,
813 4019 867 4099 τῆς
886 4019 1034 4088 πτώσεως
1055 4021 1105 4082 καὶ
1128 4027 1182 4085 τοῦ
1207 4021 1334 4086 ὀλίσθου
1358 4046 1432 4108 μαρ-

318 4119 480 4199 τυροῦντος
499 4121 538 4199 τη
558 4117 750 4201 ὑπεξαιρέσει
770 4118 830 4178 τῶν
852 4117 1116 4200 προϋπηργμένων
1139 4121 1257 4197 καλῶν,
1285 4125 1483 4205 μαρτυρεῖῶ
1588 4137 1593 4144 ’

319 4213 373 4294 μὲν
385 4211 518 4282 Ἡσαΐας
536 4216 553 4278 ό
573 4215 733 4299 προφήτης
754 4220 837 4292 ,πῶς
851 4212 993 4283 ἐξέπεσεν
1011 4213 1045 4277 ἐκ
1057 4219 1111 4278 τού
1129 4214 1293 4300 υύρανούδ
1312 4217 1432 4304 ἑωσφό-

319 4329 382 4392 ρος,
402 4310 484 4393 πρωῒ
502 4311 708 4391 ἀνατέλλων,“
733 4312 785 4393 τἠν
799 4312 855 4396 μὲν
867 4312 988 4376 τοιάνδε
1002 4311 1098 4376 αὐτού
1115 4315 1297 4378 κατάστασιν
1319 4311 1432 4380 έκπτω·

319 4427 369 4468 τον
391 4407 496 4483 είδιύς,
522 4407 574 4490 τὴν
598 4407 633 4470 δέ
653 4408 787 4472 παλαιὰν
806 4411 894 4473 θείαν
914 4411 965 4474 καὶ
986 4411 1202 4494 διαυγεστάτην
1221 4412 1431 4495 τυγχάνουσαν

319 4539 359 4552 -
380 4508 529 4590 μαρτυρεῖ
547 4505 582 4569 δέ
601 4505 652 4568 καὶ
672 4506 689 4568 ό
712 4508 825 4593 σωτήρ,
846 4506 878 4570 ἐν
892 4513 937 4596 τῷ
951 4506 1120 4594 εὐαγγελίῳ
1139 4506 1237 4592 λέγων
1261 4507 1348 4586 ,ίδού
1368 4509 1431 4595 όριῖι
