3517 5434
790 699 854 755 Ὅτε
871 697 947 756 οὐδὲν
964 705 1014 755 νῦν

261 1148 265 1153 .
336 1103 358 1170 8
628 1085 769 1177 Ἑρμοῦ
789 1089 860 1153 τοῦ
883 1090 1193 1175 τρισμεγίστου,

427 1194 492 1264 ὅτι
519 1196 637 1265 οὐδὲν
664 1192 894 1266 τῶνόντων
923 1196 1168 1281 ἀπόλλυται,
1196 1199 1299 1268 ἀλλά
1321 1200 1393 1281 τάς

425 1308 664 1395 μεταβολάς
686 1308 895 1388 ἀπωλείας
917 1314 985 1377 καὶ
1008 1309 1222 1390 θανάτους
1243 1313 1393 1382 πλανά-
1455 1322 1470 1372 ³

575 1444 694 1506 μενοι
723 1424 917 1506 λέγουσιν
945 1426 983 1488 οἱ
1011 1417 1240 1510 ἀνθρωττοι.

340 1596 355 1661 1
448 1589 535 1673 Περὶ
556 1588 665 1675 ψυχῆς
687 1590 743 1653 καὶ
766 1583 928 1674 σώματος,
951 1577 976 1651 ὦ
998 1596 1068 1667 παῖ,
1090 1589 1149 1654 νῦν
1165 1590 1302 1666 λεκτέον,
1324 1587 1436 1676 τρόπῳ

380 1701 441 1784 μὲν
467 1701 551 1782 ποιῷ
587 1693 764 1774 ἀθάνατος
792 1696 813 1780 ἡ
837 1694 941 1790 ψυχή,
977 1703 1121 1786 ἐνέργεια
1150 1701 1184 1765 δὲ
1212 1697 1345 1780 ποταπή
1368 1706 1470 1768 torst

382 1805 569 1887 συστάσεως
592 1806 746 1895 σώματος
767 1812 823 1877 καὶ
846 1807 1031 1886 διαλύσεως.
1076 1813 1151 1897 περὶ
1174 1808 1267 1879 οὐδὲν
1289 1807 1354 1899 γάρ
1377 1811 1435 1882 αι’)-

381 1924 446 1987 τῶν
469 1919 487 1986 6
511 1918 683 2002 θάνατος,
711 1917 796 1988 ἀλλά
825 1917 937 2008 νόημά
959 1927 1048 1988 ἐστιν
1071 1919 1248 1988 ἀθανάτου
1269 1944 1435 2008 προσηγο-

380 2035 463 2119 ρίας,
485 2027 508 2113 ἢ
529 2029 625 2100 κενὸν
647 2036 752 2122 ἔργον,
775 2027 798 2113 ἢ
819 2030 904 2098 κατά
928 2037 1081 2120 στέρησιν
1103 2037 1163 2099 τοῦ
1184 2032 1315 2122 πρώτον
1329 2033 1468 2125 ypoip-tt

380 2168 486 2227 ματος
508 2141 526 2209 6
550 2141 724 2229 λεγόμενος
746 2141 900 2222 θάνατος
929 2142 1003 2211 ἀντὶ
1025 2146 1085 2211 τοῦ
1108 2140 1298 2222 ἀθάνατος·
1332 2146 1349 2214 6
1372 2145 1436 2235 γάρ

381 2250 536 2330 θάνατος
568 2253 734 2334 ἀπωλείας
762 2262 863 2335 ἐστίν,
899 2254 993 2322 οὐδὲν
1022 2257 1057 2322 δὲ
1085 2257 1151 2321 τῶν
1180 2262 1214 2322 ἐν
1243 2259 1289 2340 τῷ
1323 2254 1436 2342 κόσμῳ

381 2361 581 2430 ἀπόλλυται·
615 2372 643 2431 ελ
670 2362 734 2454 γάρ
763 2362 913 2453 δεύτερος
948 2360 1032 2442 θεὸς
1061 2363 1079 2431 6
1107 2362 1231 2453 κόσμος
1265 2371 1320 2434 καὶ
1345 2369 1436 2464 §pion
1455 2383 1488 2436 12

337 2492 343 2515 ¹
381 2472 576 2576 ἀθάνατον,
604 2473 772 2544 ἀδύνατόν
799 2484 869 2543 ἐστι
890 2479 952 2544 τοῦ
980 2475 1159 2544 ἀθανάτου
1181 2474 1264 2558 ζάου
1285 2484 1384 2566 μέρος
1405 2505 1437 2546 τι

381 2573 585 2654 ἀτεοθανεῖν·
615 2585 726 2656 πάντα
756 2591 791 2656 δὲ
817 2583 861 2654 τά
891 2595 926 2655 ἐν
954 2590 1001 2672 τῷ
1029 2587 1141 2676 κόσμῳ
1169 2595 1251 2680 μέρη
1281 2594 1350 2657 ἐστὶ
1378 2595 1438 2658 τοῦ

381 2695 524 2785 κόσμου,
563 2697 708 2786 μάλιστα
742 2702 777 2766 δὲ
811 2699 829 2765 6
864 2695 1060 2787 ἄνθρωπος,
1099 2697 1137 2768 τά
1178 2698 1310 2788 λογικὸν
1343 2705 1434 2784 ζῶον.
1454 2721 1487 2772 15

452 2926 476 2978 l.
492 2925 595 2998 Ἑρμοῦ
612 2925 661 2982 τοῦ
679 2931 868 3001 τροσμεμλστου
887 2949 938 2982 ons.
958 2927 992 2980 B:
1064 2929 1118 2980 2—
1126 2930 1151 2982 4.
1172 2925 1241 2984 ἀλλά
1252 2958 1283 2968 -
1295 2925 1436 2998 ἀνθρωττοι

452 3033 503 3064 orn.
531 3014 596 3067 Patr.
686 3014 711 3066 4.
740 3022 767 3070 οἱ
793 3010 937 3085 ἅνθρωποι
963 3034 1013 3066 orn.
1042 3015 1073 3067 B.
1163 3014 1188 3068 8.
1217 3012 1343 3068 θανάτου
1370 3016 1435 3066 Patr.

452 3099 476 3149 θ.
496 3105 631 3171 προτέρου
654 3101 720 3153 Patr.
808 3101 850 3152 10.
869 3099 884 3154 6
904 3115 961 3152 ante
978 3095 1129 3169 λεγόμενος]
1154 3099 1189 3150 sic
1206 3099 1241 3161 B,
1264 3121 1314 3153 om.
1337 3101 1436 3170 reliqui.

454 3183 494 3235 14.
512 3187 576 3255 μέλη
593 3185 659 3239 Patr.

705 3371 869 3436 Hermetis
888 3345 1111 3452 ΙΤεὶειυεςίεεί,

382 3485 469 3570 quod
491 3483 612 3548 nullum
635 3481 755 3546 entium
776 3487 905 3566 pereat,
935 3477 993 3543 sed
1014 3477 1207 3542 mutationes
1230 3474 1357 3565 decepti
1378 3479 1436 3546 ho·

569 3595 669 3661 mines
693 3591 881 3682 abolitiones
905 3596 938 3654 et
959 3587 1106 3655 interitus
1129 3589 1248 3654 dicant.

436 3754 480 3808 Dc
497 3755 584 3806 enimc
603 3761 631 3804 et
649 3765 771 3823 corpore,
790 3745 867 3815 ofili,
886 3768 958 3806 nunc
970 3757 1012 3804 cst
1027 3747 1176 3815 dicendum,
1193 3747 1329 3824 quomodo
1341 3769 1436 3827 nempe

382 3842 467 3895 anima
485 3840 522 3892 sit
540 3833 712 3900 immortalis,
731 3834 801 3889 ectio
817 3853 884 3891 vero
903 3836 975 3892 unde
993 3837 1030 3892 sit
1048 3837 1249 3892 constitutionis
1268 3839 1390 3912 corporis
1409 3845 1436 3890 et

381 3925 533 3982 solutionis.
570 3922 641 3975 circs
663 3939 778 3995 nemque
800 3921 898 3978 horum
919 3923 1023 3980 nullum
1045 3943 1118 3979 mors
1142 3933 1197 3991 cst,
1221 3922 1270 3978 sed
1294 3923 1435 3996 conceptio

382 4022 424 4067 cst
446 4006 636 4086 appellationis
654 4007 824 4078 immortalis,
846 4009 892 4066 vel
915 4030 1010 4067 venum
1033 4029 1110 4087 opus,
1129 4009 1240 4087 volpes
1258 4009 1436 4085 privationem

380 4099 482 4174 primae
505 4094 610 4150 litterae
632 4092 703 4149 dicto
726 4104 768 4150 ost
790 4096 913 4160 θάνατος
935 4117 1009 4152 mors
1031 4115 1081 4173 pro
1105 4095 1248 4155 ἀθάνατος
1270 4092 1436 4148 immortalis.

380 4203 453 4238 mors
472 4183 542 4237 enim
560 4179 720 4257 perditionis
739 4191 789 4249 est,
807 4180 910 4238 nullom
928 4192 1016 4242 autem
1035 4199 1206 4253 eorumquae
1219 4180 1247 4232 in
1259 4177 1359 4233 mundo
1372 4189 1436 4235 sunt

378 4271 458 4347 perit.
494 4289 554 4325 nam
572 4270 596 4324 si
614 4268 748 4325 secundus
767 4267 835 4323 dens
854 4269 1028 4326 rotmundus
1048 4276 1075 4321 ct
1093 4263 1190 4320 animal
1208 4263 1371 4332 immortale,
1390 4268 1436 4324 irn-

379 4355 511 4434 possibilc
534 4365 577 4413 est
598 4353 756 4412 immortalis
778 4353 900 4411 animalis
922 4365 1027 4434 portem
1051 4351 1166 4427 aliquem
1189 4351 1315 4418 interirc3
1343 4372 1436 4407 omnes

379 4463 444 4501 vcro
469 4447 497 4500 in
519 4441 620 4501 mundo
642 4451 735 4519 partes
758 4451 822 4499 sunt
844 4440 949 4510 mnndi,
972 4442 1085 4497 maxime
1106 4457 1171 4496 vero
1189 4437 1283 4506 homo,
1307 4438 1437 4495 rationale
