3517 5434
846 681 902 742 101

317 842 495 935 ἐπιμελείας
521 845 612 930 φησὶν
643 845 810 932 ,άφρονες,
840 847 900 934 οὐχ
930 850 946 912 δ
970 850 1102 934 ποιήσας
1123 851 1157 914 τδ
1181 849 1296 922 ἐξωθεν
1322 851 1373 915 καὶ
1396 853 1430 916 τδ

316 937 442 1004 ἔνδοθεν
467 939 645 1026 ἐποίησεν;“
681 944 710 1007 εί
730 944 767 1008 δέ
788 947 822 1009 τδ
845 945 900 1028 μὲν
923 943 1042 1010 ἔσωθέν
1066 946 1145 1010 ἐστιν
1164 947 1183 1031 ή
1207 949 1308 1034 ψυχή,
1339 949 1373 1013 τδ
1396 948 1431 1013 δέ

316 1034 432 1107 ἔξωθεν
459 1041 494 1104 τδ
522 1045 629 1124 σῶμα,
657 1043 709 1104 καὶ
736 1042 753 1105 δ
779 1042 912 1126 ποιήσας
937 1043 970 1106 τδ
995 1041 1058 1108 ἔσω
1080 1045 1134 1128 τὴν
1159 1046 1260 1132 ψυχὴν
1281 1048 1431 1132 πεποίηκε

315 1135 366 1198 καλ
392 1137 409 1198 ύ
436 1138 569 1220 ποιήσας
596 1140 631 1202 τδ
659 1135 719 1210 ἔξω
747 1139 782 1202 τδ
810 1144 902 1224 σῶμα
924 1141 1107 1224 πεποίηκεν,
1141 1144 1157 1206 δ
1181 1147 1283 1228 ψυχῆς
1303 1146 1432 1230 ποιητής

315 1233 365 1295 καὶ
387 1235 531 1317 σώματος
547 1232 647 1320 ἐνείη
669 1239 808 1321 ποιητής,
831 1239 882 1301 καλ
905 1236 979 1306 θεύς
1002 1237 1080 1300 ἐστιν
1105 1239 1121 1302 δ
1146 1239 1308 1326 ἀμφύτερα
1322 1247 1462 1312 ’ποιῶνδ

314 1331 365 1393 καλ
394 1329 539 1415 ἁρμόζων
564 1333 616 1396 καὶ
645 1335 823 1411 συνάπτων,
854 1335 946 1418 δτήν
971 1335 1118 1420 ἁρμονίαν
1144 1337 1254 1422 ταύτην
1277 1339 1330 1423 τήν
1353 1331 1429 1424 ἱερο-

314 1430 522 1513 πρεπεστάτην
551 1430 757 1515 ἡρμοσμένος.
799 1431 891 1502 αὐτὸς
920 1433 955 1496 δέ
984 1435 1000 1498 θ
1027 1433 1130 1518 σωτήρ
1161 1433 1193 1497 ἐν
1221 1439 1287 1504 ταῖς
1316 1435 1430 1500 ἐαυτοῦ

315 1523 482 1596 διαλέξεσιν
513 1525 581 1590 οίαν
611 1527 788 1612 ἐπιμέλειαν
819 1534 953 1594 ποιεῖται
983 1534 1038 1593 τού
1067 1531 1223 1614 σώματος,
1256 1529 1326 1596 ὅταν
1354 1532 1428 1619 λέγη

317 1624 410 1701 ,είσὶν
438 1622 600 1709 εὐνοῦχοι,
632 1624 739 1695 οίτινες
766 1626 951 1712 εὐνούχισαν
973 1626 1104 1696 ἑαυτοὺς
1124 1626 1174 1690 διὰ
1196 1628 1249 1712 τήν
1272 1631 1429 1716 βασιλείαν

313 1726 373 1785 τῶν
397 1719 556 1805 οὐρανῶν·
579 1723 596 1785 δ
618 1723 787 1806 δυνάμενος
809 1728 924 1809 χωρεῖν
948 1725 1129 1810 χωρείτω“ς
1158 1724 1269 1810 ταύτην
1290 1727 1348 1812 γὰρ
1368 1728 1428 1793 ἐπι·
1448 1742 1481 1800 10
1573 1719 1575 1722 ⁵

315 1819 440 1903 μέλειαν
462 1815 506 1904 τῷ
527 1821 647 1904 σώματι
668 1820 880 1891 ἀποδεδωκὼς
899 1823 951 1884 καὶ
970 1821 1055 1904 άγιον
1077 1820 1151 1886 αὐτὸ
1172 1823 1223 1887 καὶ
1241 1823 1361 1893 ἀπαθὲς
1379 1825 1430 1888 καλ

314 1916 464 2000 ἀνήδονον
495 1917 741 2002 παρασκευάζων
768 1919 819 1981 καὶ
846 1921 948 1981 πᾶσαν
980 1919 1142 2004 ἐπιθυμίαν
1172 1921 1350 2007 ὑποτέμνων
1376 1923 1430 1986 ’καὶ
1492 1917 1495 1922 ’

314 2014 484 2099 ύποκείρων
508 2020 552 2099 τῷ
574 2012 668 2100 λύγιρ,
689 2017 743 2100 τήν
765 2016 842 2100 πρδς
861 2017 896 2080 τδ
910 2020 1002 2101 σῶμα
1024 2016 1200 2102 ἐπιμέλειαν
1225 2020 1358 2084 δείκνυσι
1378 2021 1430 2085 καὶ

312 2112 366 2195 τὴν
391 2113 469 2195 πρὸς
494 2112 547 2195 τὴν
577 2112 676 2198 σάρκα
704 2114 891 2198 κηδεμονίαν
918 2115 1068 2198 σημαίνει.
1118 2115 1289 2201 κηδόμενος
1317 2119 1352 2183 δέ
1378 2119 1429 2182 καὶ

313 2209 482 2294 φροντίζων
506 2209 560 2294 τὴν
584 2209 721 2296 ἰδιότητα
741 2212 776 2276 ἐκ
796 2215 850 2296 τῆς
870 2212 1057 2296 κηδεμονίας
1076 2211 1233 2296 κηρύττει,
1261 2215 1352 2302 μέχρι
1373 2220 1427 2281 τού
1447 2231 1479 2286 15

313 2305 489 2394 βλέμματος
519 2308 665 2392 φθάνων,
697 2306 748 2372 ἵνα
776 2309 818 2394 μὴ
846 2309 880 2374 τδ
913 2307 1037 2394 βλέμμα
1066 2313 1109 2379 ὡς
1137 2307 1228 2397 ἔτυχε
1249 2313 1427 2396 κινούμενον

313 2406 463 2491 ψυπαρίας
481 2405 533 2468 καὶ
553 2406 678 2490 κηλίδος
699 2405 897 2492 ἐμπιπλήται,
921 2406 1002 2470 ἀλλὰ
1023 2406 1077 2491 τὴν
1101 2405 1225 2471 εὔτονον
1252 2406 1325 2494 ἐχον
1350 2410 1427 2496 κίνη-

313 2527 359 2568 σιν
386 2503 581 2588 ήρμοσμένον
610 2505 748 2588 διατελή.
794 2503 878 2586 λέγει
902 2503 960 2589 γὰρ
989 2503 1019 2566 ἐν
1046 2507 1092 2590 τψί
1113 2504 1288 2591 εὐαγγελίῳ
1311 2509 1427 2584 ,πᾶςδ

312 2601 436 2690 βλέπων
466 2604 596 2684 γυναῖκα
629 2602 706 2686 πρδς
738 2602 772 2665 τδ
808 2598 998 2686 ἐπιθυμῆσαι
1030 2601 1125 2687 αὐτῆς
1153 2600 1214 2688 ήδη
1246 2602 1427 2690 ἐμοίχευσεν

313 2699 407 2783 αὐτὴν
436 2697 467 2760 ἐν
495 2702 534 2781 πή
562 2697 674 2782 καρδίη
700 2698 828 2762 αὐτοδ“.
872 2700 923 2762 καὶ
948 2700 982 2762 τδ
1015 2697 1046 2762 ἐν
1067 2705 1110 2785 τῷ
1129 2701 1249 2786 αιύματι
1267 2702 1368 2772 πάθος
1388 2708 1428 2789 τή
1444 2720 1479 2776 ρο

311 2795 422 2882 καρδίᾳ
442 2798 613 2880 συμμετρεῖ
629 2795 680 2858 καὶ
702 2799 757 2858 τού
781 2795 956 2882 βλέμματος
979 2797 1221 2881 ἐπιμελούμενος
1246 2800 1350 2884 κοινήν
1373 2802 1427 2886 τὴν

313 2893 489 2979 ἐπιμέλειαν
508 2896 562 2976 τῆς
577 2892 705 2976 καρδίας
719 2896 862 2974 ποιεῖται,
879 2894 980 2964 πάθος
997 2894 1173 2980 βλέμματος
1187 2894 1287 2965 πάθος
1301 2897 1428 2982 καρδίας

312 2991 554 3075 εἰσηγησάμενος
578 2990 630 3053 καὶ
656 2989 832 3075 ἐπιμέλειαν
861 2991 1008 3076 ὐμμάτων
1032 2989 1207 3074 ἐπιμέλειαν
1228 2996 1283 3056 τού
1306 2994 1427 3078 διανοη-

311 3093 394 3154 τικού
420 3087 562 3172 θέμενος.
603 3087 679 3152 οὐδὲ
700 3086 895 3173 γὰρ’ἐτέρως
918 3089 1030 3174 βλάψει
1051 3088 1085 3151 τδ
1106 3086 1193 3173 ὄμμα
1212 3089 1231 3174 ἣ
1253 3092 1295 3158 ὡς
1315 3091 1427 3176 βλάψει

312 3189 429 3256 δνούς.
470 3186 545 3250 οὐδὲ
565 3185 623 3270 γάρ
646 3185 711 3249 οἴύν
734 3209 768 3249 τε
789 3186 853 3249 ἐστὶ
874 3187 908 3250 τδ
931 3184 1017 3270 ὄμμα
1039 3184 1294 3270 διαστρέφεσθαι,
1315 3187 1367 3271 τήν
1392 3188 1427 3252 δέ
1443 3203 1478 3269 υς

312 3286 413 3371 ψυχὴν
436 3284 478 3368 μὴ
500 3281 756 3369 διαστρέφεσθαι·
788 3283 930 3353 ἐπιεικῶς
950 3282 1013 3368 γὰρ»
1030 3287 1132 3368 ψυχῆς
1150 3282 1201 3345 καὶ
1221 3283 1328 3354 ἁπλῶς
1350 3285 1427 3368 δρύ-

313 3403 367 3465 σης
395 3380 577 3465 ἐπιτηδείως
604 3380 715 3466 ὄψεται
739 3380 776 3444 τὰ
806 3379 940 3465 ὄμματα.
985 3379 1120 3444 ἐνταῦθα
1141 3383 1215 3464 γοῦν
1237 3381 1290 3464 τὴν
1312 3379 1426 3446 ἄτοπον

311 3477 419 3564 βλέψιν
439 3479 731 3564 παραβλεψάμενος,
752 3478 806 3563 τὴν
830 3478 917 3562 ἁγίαν
936 3479 1127 3565 παρεισάγει,
1150 3476 1200 3542 ἵνα
1219 3478 1248 3542 οἱ
1267 3477 1427 3564 δφθαλμοὶ

312 3575 392 3661 δρθὰ
411 3574 549 3662 βλέπωσι
573 3575 625 3639 καὶ
649 3574 686 3640 τὰ
711 3574 854 3662 βλέφαρα
874 3573 990 3640 νεοέτω
1015 3575 1127 3640 δίκαια.
1170 3574 1290 3660 ἐπαίρει
1310 3577 1368 3662 γὰρ
1390 3577 1428 3642 τὰ

311 3673 452 3758 ὄμματα,
476 3673 560 3737 κάτω
584 3671 663 3736 αὐτὰ
683 3674 862 3759 κεκάμφθαι
884 3674 925 3758 μὴ
950 3671 1136 3759 ἐπιτρέπων,
1166 3673 1247 3736 ἀλλὰ
1266 3674 1424 3740 διανιστῶν
1443 3687 1478 3742 30

311 3770 391 3834 αὐτὰ
419 3771 470 3836 καλ
496 3771 653 3856 διεγείρων
681 3771 734 3834 καὶ
761 3770 920 3854 ἐπηρμένα
945 3770 1024 3834 αὐτὰ
1045 3771 1300 3857 παρασκευάζων.
1343 3770 1383 3836 δι’
1408 3772 1425 3836 δ

310 3870 429 3953 πολλὴν
452 3868 630 3953 ἐπιμέλειαν
649 3871 709 3931 τῶν
730 3869 882 3952 σωμάτων
901 3869 1086 3952 ποιούμενος
1100 3871 1152 3934 καί
1166 3873 1257 3955 σῶμα
1267 3869 1426 3956 πεφύρηκε

310 3965 362 4028 καὶ
383 3966 427 4035 είς
446 3969 537 4050 σῶμα
556 3964 664 4051 ήλθεν.
699 3967 727 4030 εί
740 3965 795 4050 μὲν
811 3962 864 4028 ούν
878 3965 936 4030 οὐκ
949 3963 1045 4050 ήλθεν
1061 3966 1092 4029 ἐν
1107 3970 1237 4052 σιύματι,
1249 3968 1279 4032 τί
1292 3969 1427 4054 φήσουσι
1492 3961 1498 3971 “

310 4063 446 4146 περὶτοῦ
459 4067 593 4149 σταυρού
605 4063 655 4127 καὶ
665 4067 721 4128 τοῦ
732 4062 828 4127 τύπου
841 4067 901 4127 τῶν
913 4065 998 4148 ήλων
1010 4064 1061 4126 καὶ
1073 4068 1126 4128 τοῦ
1140 4064 1235 4130 τύπου
1247 4067 1301 4149 τῆς
1312 4065 1427 4150 λόγχης

311 4160 361 4224 καί
381 4164 437 4225 τοῦ
463 4161 612 4245 μνημείου
635 4162 687 4225 καὶ
708 4167 760 4246 τῆς
780 4166 896 4248 ταφήςς
922 4160 950 4224 εί
972 4160 1007 4224 δὲ
1031 4159 1066 4224 ἐκ
1086 4161 1202 4226 τούτων
1226 4161 1425 4248 ἐλεγχόμενοι
1441 4175 1476 4232 εδ

312 4259 502 4341 δμολογούσι
529 4263 620 4343 σῶμα
646 4260 698 4323 τδν
729 4263 854 4344 σωτῆρα
879 4257 1056 4344 εἰληφέναι,
1086 4259 1116 4322 τί
1137 4259 1274 4344 ἐροῦσιν,
1304 4259 1332 4323 εί
1355 4259 1426 4343 μήτι

311 4355 362 4418 καλ
383 4355 475 4420 αὐτὸν
499 4357 557 4420 ύπδ
578 4361 633 4420 τοῦ
652 4361 790 4442 πονηροῦ
810 4359 988 4422 πεπλάσθαι
1011 4357 1147 4444 φήσουσι
1166 4355 1218 4419 καὶ
1245 4351 1352 4438 μηκέτι
1373 4353 1441 4438 μδ,

311 4474 363 4515 νον
387 4454 420 4517 τδ
441 4453 633 4540 ἀνθρώπινον
657 4459 748 4538 σῶμα
767 4453 846 4519 εἶναι
864 4459 919 4520 τοῦ
938 4458 1089 4541 πονηροῦ,
1109 4451 1189 4518 ἀλλὰ
1207 4451 1258 4518 καὶ
1276 4453 1311 4516 τδ
1333 4457 1425 4536 σῶμα

310 4553 365 4615 τού
390 4549 569 4638 εὐεργέτους
597 4551 636 4617 οὐ
658 4551 817 4638 φείσονται
833 4553 892 4639 γὰρ
914 4551 1006 4640 μέχρι
1024 4552 1075 4618 καὶ
1093 4550 1204 4636 ταύτης
1219 4553 1272 4636 τῆς
1290 4548 1426 4621 ἐπινοίας
