3517 5434
849 689 890 750 ⁷3

316 855 503 941 μυθοποιίαν
530 854 588 922 οῦκ
613 853 690 942 ἔχει.
730 855 846 940 ἀγαθός
873 857 929 941 μὲν
951 854 989 941 ἠν
1015 855 1031 919 ό
1055 853 1144 934 θεός,
1177 855 1269 942 φησί,
1298 855 1433 940 πονηρὸς

315 955 351 1018 δὲ
373 955 390 1017 ό
413 953 561 1025 Σατανᾶς.
600 955 652 1019 καὶ
672 952 710 1039 ἦν
732 957 867 1040 πονηρδς
887 956 939 1019 καὶ
961 953 1110 1018 οὐδέποτε
1134 953 1190 1019 οὐκ
1212 953 1265 1040 ἦν·
1297 953 1346 1016 ἀεὶ
1373 952 1431 1036 γὰρ

314 1051 351 1138 ἦν
382 1053 434 1116 καὶ
460 1051 517 1116 οῦκ
544 1052 606 1116 ἀπδ
624 1053 705 1119 τινδς
725 1051 775 1136 ἦν.
816 1053 853 1138 ἦν
878 1052 1009 1137 γὰρκαὶ
1032 1052 1099 1136 ῥίζα
1120 1052 1168 1137 ἦν,
1192 1051 1277 1138 φησί.
1320 1050 1372 1114 καὶ
1393 1049 1430 1134 ἦν

314 1151 419 1235 κόριος
438 1152 490 1214 καὶ
513 1149 606 1219 αὐτὸς
622 1149 661 1235 ἦν
683 1150 735 1213 καὶ
758 1150 826 1234 ῥίζα
845 1151 882 1236 ἦν
906 1153 956 1215 καί
979 1152 1047 1236 ῥίζα
1069 1151 1147 1235 καλὴ
1168 1151 1218 1214 καὶ
1240 1150 1308 1235 ῥίζα
1327 1151 1430 1212 καλῶν

315 1250 366 1311 καὶ
386 1251 446 1310 πᾶν
467 1251 563 1313 καλδν
584 1249 645 1313 ἀπό
665 1249 775 1312 τούτου
798 1250 920 1334 ἐξῆλθε.
954 1249 1010 1312 δόο
1033 1248 1090 1333 γὰρ
1108 1246 1186 1332 ἦσαν
1208 1248 1287 1333 ῥίζαι
1306 1247 1356 1310 καί
1374 1245 1429 1308 δῦο
1448 1253 1481 1324 ό,

315 1346 475 1430 προῆλθον
504 1345 646 1430 πρόοδοι.
690 1347 722 1410 αἱ
747 1347 878 1432 πρόοδοι
905 1348 1093 1431 κατάλληλον
1125 1345 1203 1414 ταῖς
1220 1346 1324 1430 ῥίζαις.
1376 1341 1429 1406 ἀπ’

317 1443 434 1527 ἐκείνης
455 1442 492 1506 τὰ
514 1448 642 1507 τοιαῦτα
660 1446 712 1508 καί
734 1445 794 1508 ἀπὸ
814 1445 926 1529 ταύτης
948 1443 985 1508 τὰ
1011 1447 1137 1507 τοιαῦτα
1158 1444 1315 1528 θρυλοῦσι.
1358 1445 1431 1503 στῶ-

318 1561 372 1624 μεν
390 1540 452 1610 ἕως
470 1539 598 1617 τούτων,
622 1542 867 1628 ἐπιχειρήσωμεν
889 1543 995 1608 λοιπόν
1017 1542 1069 1625 την
1093 1539 1227 1611 ἐξέτασιν
1246 1540 1297 1603 καί
1317 1537 1431 1622 ἴδωμεν

317 1630 540 1722 συλλδγισμοδς
561 1639 612 1701 καὶ
638 1639 898 1724 μνημονεύσομεν
925 1641 1041 1725 ῥητῶν,
1075 1637 1124 1702 ίνα
1152 1639 1203 1702 καὶ
1232 1641 1295 1706 τοῖς
1325 1639 1431 1705 συλλο·

315 1739 435 1820 γισμοῖς
462 1736 681 1820 συναγάγωμεν
707 1737 849 1806 καὶτοῖς
874 1736 980 1822 Ιῥητοῖς
1001 1736 1166 1820 πείσωμεν.
1210 1737 1349 1822 φήσομεν
1373 1733 1431 1820 γὰρ
1451 1753 1484 1806 10

316 1836 392 1919 πρὸς
414 1833 539 1902 αότοῦς·
560 1833 627 1896 ἐπεὶ
645 1833 720 1903 θεδς
740 1835 809 1919 ῥιζα
825 1834 864 1920 ἦν
884 1834 934 1898 καὶ
955 1833 1023 1918 ῥίζα
1043 1834 1122 1918 καλὴ
1141 1834 1192 1896 καὶ
1208 1835 1322 1917 καρποὶ
1343 1834 1433 1896 καλοὶ

316 1931 378 1994 ἀπὸ
407 1930 497 2014 ῥιζῶν
526 1932 630 1994 καλῶν
659 1931 897 2018 προηνέχθησαν
926 1931 978 1994 καὶ
1007 1930 1023 1992 ό
1053 1929 1195 2000 Σατανᾶς
1217 1930 1285 2014 ῥίζα
1315 1929 1351 2015 ἧν
1382 1931 1453 1994 καὶ.

317 2029 385 2115 ῥίζα
415 2029 494 2113 κακὴ
525 2029 576 2091 καὶ
603 2030 714 2113 καρποὶ
740 2030 831 2093 κακοὶ
859 2031 920 2093 ἀπὸ
950 2029 1034 2113 ῥίζης
1061 2031 1157 2110 κακῆς
1183 2027 1433 2114 προηνέχθησαν,

316 2127 395 2195 τίνος
414 2126 527 2210 καρποὶ
557 2127 586 2188 υί
608 2124 791 2202 άπόστολοις
824 2127 873 2190 ἵνα
895 2127 930 2191 ἐκ
953 2132 1012 2190 τῶν
1036 2130 1161 2210 καρπῶν
1183 2130 1303 2209 γνῶμεν
1325 2127 1359 2190 τδ
1384 2130 1433 2210 ζη-

316 2222 481 2307 τούμενον,
509 2223 585 2307 όπερ
614 2222 672 2287 οῦκ
697 2223 759 2286 ἀπὸ
785 2228 844 2286 τῶν
874 2226 965 2310 ῥιζῶν
991 2225 1150 2310 λαμβάνω.
1197 2224 1337 2308 φήσομεν
1359 2226 1432 2308 γάρ·
1452 2241 1485 2296 15

315 2322 336 2405 ἡ
362 2321 431 2405 ῥίζα
453 2322 473 2404 ἡ
494 2322 573 2406 κακὴ
598 2321 690 2385 οῦδὲν
712 2321 808 2384 καλδν
828 2323 1056 2407 προεξενεγκεῖν
1081 2321 1162 2386 οίδεν
1186 2321 1257 2386 οὔτε
1280 2323 1299 2404 ἡ
1325 2321 1432 2406 ῥίζοιὴ

316 2420 396 2503 καλὴ
418 2419 509 2483 οὐδὲν
523 2422 617 2484 κακδν
632 2418 860 2504 προείενεγκεῖν
881 2419 958 2496 οἶδε,
983 2420 1142 2504 φαίνονται
1163 2421 1198 2484 δὲ
1220 2420 1249 2483 οἱ
1266 2418 1435 2484 ἀπόστολοι

316 2518 392 2580 ποτὲ
416 2516 471 2601 μὲν
494 2517 594 2592 καλοί,
614 2516 690 2579 ποτὲ
713 2516 748 2578 δδ
769 2518 869 2596 κακοί,
894 2517 944 2580 καί
969 2517 1028 2602 όιρὲ
1043 2517 1096 2601 μὲν
1115 2517 1221 2595 καλοί,
1241 2517 1377 2602 ἀρχῆθεν
1400 2517 1435 2580 θλ

318 2616 406 2678 κακοὶ
434 2614 486 2678 καὶ
505 2614 681 2700 μεταβολὴν
702 2614 907 2698 πεποιημένοι
927 2614 987 2678 ἀπὸ
1010 2619 1070 2678 τῶν
1092 2621 1205 2678 κακῶν.
1251 2615 1278 2678 εἰ
1301 2615 1355 2700 μὲν
1376 2615 1433 2699 γὰρ

316 2714 458 2797 φήσομεν
487 2715 541 2775 τοῦ
573 2710 695 2773 Σατανᾶ
724 2713 862 2796 καρποὺς
893 2713 970 2776 εἶναι
997 2713 1068 2782 τοῦς
1096 2711 1288 2781 ἀποστόλους
1317 2713 1367 2776 διὰ
1396 2713 1433 2776 τὰ
1450 2729 1486 2786 υς)

318 2808 436 2872 παλαιὰ
457 2808 643 2890 πταίσματα,
667 2807 945 2893 δυσωπηθησονται
967 2812 1017 2874 διὰ
1036 2812 1089 2894 τὴν
1115 2810 1289 2893 ἀποστολὴν
1308 2811 1359 2874 καὶ
1380 2810 1433 2894 τὴν

318 2904 497 2988 τελειότητα
518 2908 579 2967 τῶν
600 2903 716 2988 ἀρετῶν
741 2942 780 2952 -
805 2907 833 2968 εί
855 2907 890 2970 δὲ
913 2912 967 2970 τοῦ
988 2908 1081 2986 θεοῦ,
1106 2909 1135 2971 τί
1155 2907 1260 2990 ἐροῦσι
1282 2908 1352 2992 περὶ
1374 2914 1433 2973 τῶν

318 3002 515 3086 πταισμάτων
534 3003 594 3066 τῶν
612 3003 754 3066 παλαιῶν
771 3005 822 3066 καὶ
840 3009 895 3088 τῆς
909 3007 1044 3074 παλαιῶς
1064 3006 1225 3092 διαβολῆςς
1258 3005 1435 3090 δυσωπήσει

317 3099 375 3185 γὰρ
405 3097 516 3167 αῦτοδς
544 3100 579 3163 τδ
605 3100 732 3183 γράμμα
757 3102 808 3164 καί
835 3101 953 3184 ἐλέγξει
980 3103 1080 3168 αὐτῶν
1112 3103 1165 3187 τὴν
1192 3103 1297 3187 κρίσιν.
1347 3103 1374 3164 εί
1399 3104 1434 3166 δὲ

319 3199 506 3282 ἀποροῦντες
539 3197 590 3260 καί
624 3196 719 3260 εἰπεῖν
751 3198 792 3282 μὴ
825 3199 990 3283 δυνάμενοι
1023 3202 1228 3285 άντερωτῶσι,
1266 3203 1435 3286 φάσκοντες
1451 3215 1486 3270 επ

318 3297 469 3360 δόσκολον
501 3292 578 3358 εἶναι
604 3294 659 3377 τὴν
690 3295 774 3358 λόσιν
803 3302 863 3360 τῶν
891 3299 1070 3382 προτάσεων
1099 3301 1150 3362 καὶ
1179 3299 1328 3363 δύσκολον
1358 3298 1437 3362 εἶναι

317 3397 371 3480 τἠν
393 3391 565 3469 ἀπόδειξιν,
593 3393 734 3480 φήσομεν
761 3395 812 3458 καὶ
838 3397 930 3480 ἡμεῖς
952 3396 988 3461 οῦ
1010 3397 1147 3482 καρποδς
1169 3395 1340 3466 εἶναιτοὺς
1362 3397 1435 3460 ἀπο-

318 3493 448 3561 στόλους
472 3494 526 3554 τοῦ
553 3489 646 3567 θεοῦ,
678 3491 759 3556 ἀλλὰ
780 3495 939 3579 ποιήματα
961 3497 1012 3559 καὶ
1034 3496 1218 3580 πλάσματα·
1253 3494 1289 3558 οῦ
1311 3494 1369 3580 γὰρ
1393 3498 1436 3564 ῶς

318 3592 380 3655 άπδ
402 3589 487 3674 ῥίζης
507 3589 619 3672 καρποὶ
639 3589 890 3676 προηνέχθησαν,
910 3593 980 3658 ἀλλ’
1002 3597 1045 3663 ῶς
1065 3592 1125 3657 ἀπδ
1146 3598 1265 3658 κτιστοῦ
1283 3593 1334 3656 καὶ
1348 3613 1434 3676 ποιη·

317 3692 372 3752 τοῦ
399 3687 548 3769 κτίσματα
575 3686 627 3749 καί
655 3688 814 3771 ποιήματα
839 3689 1017 3775 γεγένηνται
1044 3695 1098 3754 τοῦ
1124 3689 1344 3775 πεποιηκότος,
1375 3689 1435 3776 οὐχ
1452 3707 1488 3762 ³⁰

319 3788 362 3852 ῶς
391 3782 544 3867 όμοοόσια
571 3786 626 3846 τοῦ
654 3784 869 3867 πεποιηκότος.
913 3790 1035 3873 γενητοὶ
1059 3788 1116 3874 γὰρ
1141 3787 1174 3853 ίκ
1197 3793 1251 3852 τοῦ
1275 3789 1434 3873 ἀγενήτου,
1498 3847 1499 3850 ,

318 3882 393 3945 ποτὲ
413 3879 469 3944 οῦκ
491 3879 591 3958 ὄντες,
613 3880 738 3965 ὕστερον
761 3882 796 3944 δὲ
817 3883 1036 3969 πεποιημένοι,
1059 3887 1093 3950 τδ
1116 3887 1170 3971 μὲν
1195 3886 1273 3951 εἶναι
1296 3887 1357 3951 ἀπὸ
1380 3889 1434 3950 τοῦ

318 3977 522 4063 πεποιηκότος
539 3978 695 4064 λαβόντες,
716 3976 774 4042 οὐκ
792 3978 896 4044 οόσίαι
918 3982 952 4044 δὲ
973 3982 1005 4054 ἐξ
1027 3983 1143 4064 οὐσίας,
1163 3984 1233 4048 ἀλλ’
1254 3983 1437 4051 ὑποστάσεις

319 4079 350 4150 ἐξ
380 4076 572 4161 ἀγαθότητος
599 4079 653 4138 τοῦ
687 4076 876 4162 δημιουργοῦ
902 4081 1106 4166 πεποιημένοι
1131 4084 1182 4148 καὶ
1206 4083 1287 4147 οῦτω
1308 4103 1434 4165 πεποιη-

320 4179 417 4263 μένοι,
440 4176 490 4240 ίνα
510 4172 689 4259 προαιρέσει
711 4175 764 4258 τὴν
786 4175 885 4267 ἀρχὴν
907 4175 1014 4263 ἔχωσι.
1055 4181 1195 4266 φαίνεται
1217 4179 1271 4245 οῦν
1291 4180 1306 4242 ό
1330 4179 1432 4262 σωτὴρ
1451 4195 1486 4250 35

319 4276 418 4358 λέγων
442 4275 552 4353 ,εἴτις
568 4270 656 4334 θέλει
677 4271 777 4338 όπίσω
799 4297 859 4358 μου
876 4277 1010 4353 ἑλθεῖν,“
1043 4281 1091 4358 ,εί
1107 4279 1209 4349 θέλεις
1223 4279 1341 4346 τέλειος
1354 4275 1435 4359 γενέ·

320 4374 422 4450 οθαι,“
453 4373 501 4451 ,εἰ
520 4372 620 4445 θέλεις
640 4366 724 4451 ὑγιὴς
742 4370 917 4452 γενέσθαι.“
958 4377 985 4440 εἰ
1007 4378 1022 4440 ό
1045 4378 1175 4460 ποιήσας
1191 4380 1318 4440 τοιαῦτα
1338 4377 1436 4451 καλεῖ,

320 4471 360 4534 δι’
385 4468 422 4534 οῦ
445 4469 546 4553 πατὴρ
566 4473 664 4536 πάντα
686 4465 830 4551 ἐποίησε,
856 4470 923 4534 νόει
943 4477 998 4536 τοῦ
1020 4471 1225 4557 πεποιηκότος
1246 4471 1300 4542 τὰς
1322 4471 1436 4557 φωνάς.

321 4569 353 4634 ἐν
384 4573 429 4655 τῷ
454 4565 558 4630 θέλειν
589 4569 660 4638 τοῦς
687 4569 802 4654 νόμους
832 4568 922 4634 ἔθετο
930 4616 941 4649 ,
973 4571 1004 4634 ἐν
1032 4575 1071 4657 πρ
1099 4571 1227 4656 θελήσει
1255 4568 1293 4633 τὰ
1320 4568 1436 4654 νόμιμα
