3517 5434
653 688 676 738 E
693 687 845 757 praefatione
862 686 970 739 Patricii.
1340 699 1397 740 xlx

341 845 478 909 tantium
505 841 624 928 partim
652 843 749 907 etiam
771 864 835 908 non
858 841 1044 906 extantium.
1091 861 1173 924 quae
1201 839 1308 904 omnia
1335 861 1394 905 nos

342 957 376 1020 in
404 977 502 1020 unum
532 951 723 1018 contulimus
751 953 916 1034 volumen,
945 951 1039 1016 simul
1070 973 1143 1016 cum
1169 951 1209 1016 iis
1237 950 1393 1036 pauculis,

342 1089 424 1152 quae
451 1074 521 1132 tum
549 1062 635 1151 apud
658 1060 832 1150 Cyrillum,
861 1061 951 1128 libris
980 1070 1093 1128 contra
1120 1061 1295 1144 Iulianum,
1324 1069 1394 1126 tum

341 1176 429 1264 apud
450 1173 585 1243 Suidam
606 1175 797 1261 reperimus3
827 1182 860 1239 et
880 1173 972 1238 iuxta
993 1181 1104 1238 nostra
1123 1173 1179 1238 illa
1201 1172 1395 1258 exemplaria

340 1289 412 1374 plus
435 1308 532 1373 quam
553 1285 639 1352 mille
655 1284 869 1372 quadraginta
890 1285 1046 1350 locatum
1067 1285 1101 1351 in
1115 1283 1303 1366 Fieinianis,
1324 1292 1393 1348 tum

340 1401 373 1464 in
390 1397 581 1466 Stebaeanis
603 1405 637 1462 et
652 1394 870 1461 Oandallianis
894 1394 1142 1462 emendavimus.
1180 1417 1261 1480 quae
1283 1394 1394 1459 lectio-

341 1534 417 1576 num
440 1510 579 1575 varietas
594 1508 819 1575 necessitatem
834 1505 926 1571 nobis
941 1505 1105 1592 imposuit,
1127 1513 1164 1570 ut
1186 1527 1295 1570 omnes
1309 1525 1393 1570 novo

340 1621 450 1688 labore
478 1629 685 1686 verteremus.
730 1616 788 1684 sed
817 1625 850 1682 et
876 1617 1021 1682 ordinem
1049 1617 1228 1683 libellorum
1256 1617 1393 1682 mutavi·

339 1754 427 1815 mus,
456 1733 503 1796 ita
524 1740 562 1796 ut
583 1730 788 1795 materiarum
816 1729 958 1814 sequella
979 1729 1082 1816 magis
1105 1729 1148 1794 sit
1170 1748 1331 1808 connexa,
1361 1734 1394 1791 et

340 1842 517 1908 scientifica
537 1842 641 1927 magis
664 1848 827 1928 appareat.
853 1904 855 1907 ,

523 1949 664 2015 Videtur
692 1958 800 2014 autem
821 1949 960 2016 Hermes
988 1949 1043 2014 hic
1064 1948 1293 2036 Trismegistus
1322 1954 1394 2013 coe-

339 2071 453 2145 taneus
475 2060 605 2148 quidem
633 2059 731 2126 firisse
752 2059 864 2147 Mosy,
887 2060 945 2126 sed
965 2060 1061 2147 paulo
1085 2059 1199 2124 senior.
1228 2057 1341 2123 scribit
1361 2081 1393 2123 n.

337 2173 498 2239 Eusebius
519 2172 552 2236 in
575 2169 748 2254 Chronico,
771 2193 855 2236 anno
869 2171 983 2236 Armei
1006 2170 1152 2258 Aegypti
1173 2169 1259 2256 regis
1280 2169 1395 2256 prime,

339 2281 425 2350 Cath
453 2283 554 2348 filium
583 2282 789 2370 Trismegisti
817 2281 971 2348 floruisse.
1016 2283 1045 2348 is
1067 2289 1174 2347 autem
1197 2302 1298 2346 annus
1321 2289 1395 2346 ante

338 2395 444 2460 Mosis
467 2395 589 2460 obitum
612 2393 787 2481 vigesimus
816 2393 945 2458 circiter
971 2393 1042 2458 fuit.
1089 2391 1257 2479 apparebit
1287 2401 1394 2476 autem

339 2527 380 2571 ex
401 2505 490 2571 hisce
504 2505 669 2571 Hermetis
689 2513 759 2569 tum
780 2503 896 2569 libellis
918 2512 987 2569 tum
1008 2504 1198 2592 fragmentis
1219 2504 1275 2590 pia
1297 2525 1394 2586 quae-

340 2615 415 2680 dam
438 2637 515 2702 erga
537 2615 644 2681 Deum
666 2614 888 2701 philosophia,
910 2614 986 2680 fidei
1009 2605 1214 2702 dogmatibus
1236 2621 1273 2678 ut
1294 2614 1394 2700 pluri·

338 2746 425 2789 mum
454 2747 604 2792 consona.
655 2725 823 2812 apparebit
857 2747 984 2811 quoque
1012 2747 1146 2814 graecas
1173 2723 1394 2812 philosophias

338 2855 467 2916 omnes,
494 2835 754 2922 Pythagoream,
782 2835 985 2902 Platonicam
1006 2836 1041 2900 in
1069 2835 1186 2902 divinis
1209 2857 1394 2900 aemorum

339 2942 554 3031 dogmatibus,
577 2945 818 3009 Aristotelieam
841 2953 948 3009 antem
971 2954 1004 3008 et
1020 2944 1164 3010 Stoicam
1185 2945 1219 3009 in
1240 2945 1394 3031 physicis,

339 3066 372 3121 et
393 3054 572 3120 medicinae
595 3054 691 3119 etiam
706 3053 810 3140 prima
824 3053 994 3141 principia,
1017 3060 1049 3118 et
1072 3076 1112 3117 ex
1134 3053 1184 3118 his
1207 3033 1239 3118 et
1262 3077 1302 3118 ex
1323 3055 1393 3120 aliis

339 3168 394 3251 qui
424 3166 588 3253 perierunt
616 3165 684 3231 eius
705 3163 796 3230 libris
817 3165 915 3230 firisse
944 3165 1138 3251 desumptas.
1185 3165 1393 3248 quamobrem

337 3279 433 3366 longe
455 3277 555 3344 satius
577 3287 611 3342 et
633 3275 814 3342 christianis
828 3275 1011 3342 hominibus
1033 3274 1209 3341 consultius
1231 3283 1265 3339 et
1285 3275 1393 3340 utilius

337 3391 434 3479 longe
462 3390 606 3454 futurum
636 3409 721 3471 esse,
751 3387 778 3453 si
799 3387 964 3452 Hermetis
993 3386 1145 3475 dogmata
1165 3387 1274 3472 potius
1297 3408 1393 3470 quam

338 3501 565 3583 Aristoteliea,
595 3522 678 3585 quae
705 3500 824 3584 ubique
852 3523 970 3589 magna
998 3507 1123 3566 scatent
1148 3497 1330 3584 impietate,
1358 3499 1392 3562 in

338 3611 456 3676 scholis
477 3611 615 3696 publicis
637 3620 670 3676 et
691 3611 920 3676 monachorum
948 3611 1118 3678 Aristoteli
1146 3611 1278 3674 nimium
1301 3608 1391 3674 addi-

339 3728 464 3785 ctorum
487 3721 649 3786 coenobiis
671 3720 842 3805 aliquando
863 3722 1021 3809 legantur.
1058 3720 1153 3807 quod
1166 3730 1203 3786 ut
1225 3720 1391 3786 comodius

338 3831 408 3895 fieri
430 3839 538 3914 queat,
560 3830 684 3896 libellos
705 3831 797 3896 iuxta
818 3833 1022 3898 materiarum
1043 3833 1092 3899 uti
1107 3833 1245 3898 diximus
1268 3832 1391 3918 sequel-

336 3942 401 4006 lam
424 3963 463 4006 ac
484 3940 598 4007 seriem
620 3941 654 4004 in
676 3939 819 4008 ordinem
840 3942 1032 4030 redegimus.
1173 3951 1174 3954 ’

763 4190 963 4200 -——.-.-
