3517 5434
336 702 361 753 B
380 700 502 757 θό-Η.
879 686 922 747 60

338 855 531 940 βλασφημῶν
549 854 658 938 ἥκιστα
677 852 871 916 πιστευέσθω
892 851 979 937 ἥλιον
1002 852 1167 937 συγκρίνων
1187 849 1256 935 θεηῖ
1276 850 1328 912 καὶ
1350 849 1464 932 ἀκτῆς
1598 882 1599 892 ι

337 952 444 1020 οόσίας
474 953 569 1016 αὐτοῦ
601 951 699 1034 λέγων
729 949 807 1014 εἰναι
835 955 954 1014 τοῦτον.
1002 956 1061 1014 πᾶν
1087 951 1144 1035 γὰρ
1175 949 1284 1033 όρατδν
1315 948 1384 1029 (ἅτε
1416 949 1461 1032 δὴ

338 1055 429 1135 σῶμα
452 1051 617 1135 τυγχάνον)
644 1047 850 1113 ἀντιτέτακται
878 1049 969 1133 φῦσει
997 1053 1042 1136 τῷ
1064 1049 1189 1132 ἀοράτῳ
1209 1047 1261 1108 καὶ
1284 1047 1461 1132 ἀσωμάτῳ,

336 1146 373 1212 οῦ
410 1147 498 1234 ἔργον
532 1148 587 1230 μέν
621 1147 699 1210 εἶναι
727 1144 854 1209 δῦναται
881 1148 932 1210 καὶ
964 1147 1047 1230 μάλα
1078 1167 1113 1229 γε
1144 1144 1317 1228 θαυμάσιον
1353 1141 1461 1228 ἔργον,

302 1244 506 1329 δόμοιότητα
526 1245 562 1308 δὲ
582 1243 706 1329 φύσεως
722 1245 799 1328 πρδς
820 1244 912 1308 οῦτδν
934 1244 1081 1327 οὐδεμίαν
1102 1240 1194 1328 ἔχειν.
1237 1241 1286 1314 ὅθ,
1319 1241 1379 1306 όσα
1398 1242 1461 1324 μὲν

336 1341 390 1406 οῦν
414 1345 430 1406 ό
454 1343 569 1411 πλάνος
597 1339 765 1404 ἐντέθεικεν
797 1340 894 1426 ἀσεβῆ
928 1345 992 1410 τοῖς
1014 1341 1101 1409 ἰδίοις
1123 1342 1347 1425 συγγράμμασι,
1372 1338 1460 1424 πολδ

337 1440 374 1504 ἀν
404 1438 491 1525 ἔργον
516 1438 564 1522 εἴη
584 1437 797 1520 καταριθμεῖν·
829 1437 1068 1523 λοιδορούμενος
1087 1436 1144 1522 γάρ
1161 1441 1225 1507 τοῖς
1241 1434 1326 1502 οῦσιν
1342 1437 1459 1500 ἅπασιν

337 1543 381 1608 ῶς
409 1541 530 1612 κακοῖς,
558 1536 610 1599 καὶ
639 1534 710 1603 τοῦς
730 1534 867 1620 καρποὺς
885 1535 956 1604 τοῦς
979 1536 1039 1600 ἀπδ
1063 1539 1119 1618 γῆς
1141 1534 1206 1619 ἅμα
1230 1537 1390 1622 διαβάλλει
1412 1537 1462 1602 ῶς

336 1634 517 1720 θρεπτικοῦς
544 1638 597 1718 τῆς
628 1632 713 1714 ὕλης.
754 1633 806 1695 καὶ
826 1633 914 1716 ἥλιον
939 1635 993 1717 μὲν
1015 1633 1247 1719 ῦπερθαυμάζει
1269 1633 1320 1696 καὶ
1343 1631 1377 1695 ἐκ
1398 1635 1459 1694 τοῦ

289 1747 323 1800 10
341 1734 462 1817 ἀγαθοῦ
484 1755 519 1816 γε
542 1731 636 1807 εἰναι,
669 1734 712 1798 ῶς
733 1729 824 1815 φησί,
847 1731 1027 1814 διορίζεται,
1049 1731 1069 1794 ἃ
1093 1732 1128 1794 δὲ
1150 1729 1256 1815 τρέφει
1278 1729 1459 1813 θερμαίνων

338 1831 419 1916 φυτά
447 1854 481 1894 τε
509 1832 561 1894 καί
589 1827 758 1912 σπέρματα,
779 1834 895 1912 πικρῶς
915 1827 972 1892 οῦκ
995 1828 1172 1914 αἰσχύνεται
1194 1827 1344 1906 κακίζων,
1374 1825 1458 1910 άπερ

338 1929 395 1992 οἰνκ
423 1927 460 1992 ἀν
483 1928 610 2010 συνέστη
633 1927 792 1994 παντελῶς
812 1927 903 2009 ἡλίου
928 1926 1010 2012 δίχα,
1035 1928 1112 2011 πρδς
1136 1925 1213 1988 θεοῦ
1236 1921 1457 2008 γεγενημένου.

300 2057 303 2062 ·
338 2029 381 2095 ῶς
399 2026 458 2110 γὰρ
481 2026 572 2089 οὐδὲν
591 2023 627 2088 ἀν
649 2025 767 2107 ῶνησεν
788 2024 886 2106 ἥλιος,
910 2025 937 2086 εἰ
954 2025 995 2107 μὴ
1013 2023 1137 2108 ὄμβρων
1157 2021 1289 2108 ὄρδευον
1309 2021 1458 2105 χορηγίαι

337 2122 375 2185 τά
408 2123 488 2207 φυτά
516 2123 568 2186 καί
597 2122 719 2205 ἀνέμων
747 2123 915 2206 ὠφελίμων
943 2123 1121 2184 διεσάλευον
1149 2122 1258 2198 πνοαί,
1289 2119 1388 2186 οῦτως
1414 2115 1457 2181 αὖ

289 2233 321 2286 15
339 2218 450 2305 ὄμβροι
477 2221 529 2284 καί
557 2220 594 2284 τὰ
620 2219 701 2283 ἄλλα
726 2221 816 2304 ἡλίου
844 2221 917 2305 δίχα
940 2217 1102 2304 ὠφέλησεν
1125 2217 1161 2281 ἀν
1183 2215 1283 2280 οὐδέν.
1326 2214 1375 2298 ἄρ’
1399 2213 1456 2278 οῦν

312 2322 316 2331 ’
339 2316 454 2385 ἐκεῖνος
477 2318 611 2402 ἰσχυρῶς
634 2318 736 2403 ἑαυτῷ
755 2319 806 2380 καί
828 2319 891 2381 ῶδε
914 2321 1055 2403 μάχεται,
1079 2321 1193 2401 πικρῶς
1214 2315 1388 2400 διαβάλλων
1411 2313 1458 2382 εἰς

338 2415 444 2477 κακίαν
470 2413 542 2482 τοῦς
562 2414 623 2478 ἀπό
645 2419 700 2497 γῆς
720 2416 873 2499 καρποῦς,
906 2414 956 2477 διὰ
974 2415 1064 2497 ἡλίου
1087 2437 1122 2497 γε
1143 2410 1387 2496 αὐξανομένους,
1420 2410 1455 2473 δν

336 2512 415 2574 πάνυ
444 2512 600 2595 θαυμάζει
627 2513 678 2574 καί
705 2518 788 2596 τιμᾷ.
850 2511 901 2584 56,
937 2511 1008 2582 τοδς
1035 2513 1070 2576 δὲ
1100 2511 1235 2596 ὄμβρους
1259 2511 1457 2593 περιττῶσεις

338 2607 417 2672 εἶναι
443 2608 542 2691 λέγων
568 2610 620 2672 καὶ
646 2614 706 2671 τῶν
734 2609 892 2694 ἀρχόντων
918 2614 971 2693 τῆς
994 2610 1068 2694 ῦλης
1091 2609 1287 2696 ἑρωτιῶντων
1307 2608 1383 2692 πρὸς
1400 2605 1457 2675 τὰς

287 2721 322 2775 νο
338 2711 393 2771 τοῦ
423 2707 543 2790 ἀγαθοῦ
572 2707 715 2791 δυνάμεις
739 2709 792 2772 καί
821 2709 901 2772 οῦτω
932 2707 969 2792 δὴ
991 2707 1169 2792 καμνόντων
1192 2707 1322 2791 ἱδρῶτας
1342 2704 1456 2774 αότοῦς

337 2803 415 2868 εἰναι
441 2803 668 2889 διοριζόμενος,
699 2807 733 2870 τό
761 2805 915 2892 παρέλκον
945 2806 1045 2869 αἰετῶν
1074 2809 1133 2886 (ῶς
1155 2805 1247 2872 αὐτὸς
1267 2802 1377 2884 οίεται)
1402 2804 1455 2866 καί

336 2905 371 2967 τδ
400 2902 538 2986 περιττόν
569 2906 712 2986 πειρᾶται
740 2903 892 2966 δεικνόναι
919 2903 963 2990 τῷ
992 2904 1042 2967 καὶ
1070 2904 1124 2988 τὴν
1155 2903 1306 2966 θάλαττον
1326 2901 1377 2964 καί
1398 2901 1454 2984 τὴν

338 2998 453 3085 ἔρημόν
481 3021 515 3061 τε
545 3000 597 3063 καί
625 2997 761 3084 ἄσπορον
794 3002 918 3065 ὕεσθαι·
955 3003 1058 3086 ὥσπερ
1086 3023 1129 3069 τις
1157 2999 1284 3083 ἀκριβής
1313 2999 1455 3082 λογιστὴς

222 3112 225 3120 “
310 3097 415 3165 ,κατὰ
443 3096 520 3160 θεοῦ
546 3098 711 3183 παρελθὼν
739 3101 782 3166 ῶς
810 3099 905 3182 μάτην
928 3099 979 3162 καί
1002 3099 1131 3166 ἀσώτως
1155 3095 1371 3161 ἀναλίσκοντος
1391 3098 1453 3156 τῶν

285 3211 321 3267 25
339 3195 458 3259 ῦδάτων
482 3196 535 3278 την
556 3197 770 3280 παρασκευήν,
802 3197 841 3259 δι’
868 3197 1038 3281 ἀκροτάτην
1061 3194 1167 3259 ἄνοιαν
1190 3194 1224 3256 τδ
1247 3189 1363 3276 πρέπον
1386 3191 1455 3276 θεῷ

338 3292 379 3375 μὴ
412 3291 551 3378 βλέπων,
582 3297 625 3362 ῶς
648 3295 751 3378 εἰμέν
776 3292 935 3380 ἐπτώχευε
957 3299 1020 3363 τοῖς
1040 3294 1130 3357 ῦδασι
1151 3288 1240 3366 θεός,
1272 3287 1381 3372 ἀκριβῆ
1402 3289 1454 3352 καί

335 3387 377 3472 τῇ
401 3390 491 3474 χρείορ
519 3390 692 3475 σύμμετρον
720 3391 853 3455 έποιεῖτο
880 3393 996 3456 τοότων
1023 3392 1075 3474 τὴν
1101 3390 1251 3463 ἐπίδοσιν,
1288 3385 1394 3468 ἐπειδὴ
1418 3385 1454 3448 δέ

336 3489 466 3551 πλουτεῖ
490 3488 556 3568 (καί
574 3488 647 3551 ῦσον
670 3511 705 3571 γε
728 3486 784 3550 οἰικ
804 3487 840 3552 ἄν
861 3511 905 3557 τις
927 3491 1022 3552 εἰπεῖν
1047 3488 1185 3569 δόναιτο)
1212 3483 1286 3548 αὐτό
1306 3505 1341 3566 γε
1361 3488 1452 3547 τοῦτο

336 3585 371 3646 τὸ
397 3582 535 3669 ἄφθονον
554 3589 609 3668 τῆς
630 3590 828 3670 παρασκευῆς
852 3587 984 3650 δείκνυσι
1007 3587 1041 3649 τὸ
1063 3587 1114 3649 καὶ
1134 3585 1303 3661 θάλατταν,
1336 3579 1391 3664 ἀφ’
1415 3579 1454 3663 ἧς

285 3699 322 3752 ao
339 3682 583 3765 ἀνακομίζε[τα]ι
601 3684 677 3766 πρὸς
697 3682 776 3767 ἀέρα
797 3682 835 3744 τὰ
857 3682 964 3759 ῦδατα,
990 3683 1040 3746 διὰ
1061 3687 1162 3769 νεφῶν
1186 3680 1336 3766 ἀρδεῦειν.
1372 3679 1392 3760 η
1418 3679 1454 3742 δέ

338 3777 455 3869 ἔρημός
481 3802 514 3842 τε
540 3781 591 3843 καί
611 3779 746 3864 ἄσπορος
765 3778 939 3862 ἀναγκαίως
962 3778 1047 3842 ῦεται
1069 3782 1145 3864 πρδς
1165 3779 1313 3866 χορηγίαν
1335 3781 1453 3862 πηγῶν,

338 3875 402 3940 ἔστι
432 3877 468 3939 δέ
494 3876 547 3939 ότε
576 3878 627 3940 καὶ
652 3882 715 3946 τοῖς
741 3882 921 3963 παριοῦσιν,
952 3879 995 3946 ῶς
1021 3875 1056 3941 ἀν
1084 3879 1136 3941 καί
1167 3877 1256 3940 αότοί
1274 3897 1309 3959 γε
1333 3875 1452 3961 εῦροιεν

337 3975 458 4038 δδάτων
489 3975 675 4059 συστήματα.
722 3977 774 4039 καί
804 3975 887 4045 όλως
918 3973 1054 4060 ἄβροχον
1086 3979 1141 4058 γῆν
1174 3975 1253 4059 ἡλίιμ
1283 3971 1453 4058 φλέγεσθαι

338 4072 432 4157 μόνον
461 4072 498 4136 οδ
525 4071 766 4156 νενομοθέτηκεν
788 4075 831 4141 ῶς
852 4072 902 4134 ἐπὶ
921 4074 954 4135 τὸ
978 4071 1069 4134 πολῦ.
1106 4072 1130 4155 ἢ
1154 4070 1211 4154 γάρ
1235 4071 1285 4134 διὰ
1304 4073 1452 4152 ποταμῶν

286 4171 358 4254 3ῶῆ
386 4169 511 4256 ὄμβρων
539 4169 645 4233 ἄπασα
668 4177 705 4256 γῆ
728 4172 804 4255 πρδς
827 4170 902 4234 θεοῦ
924 4169 1042 4238 νοτίδος
1065 4167 1226 4232 ἄπολαῦει.
1270 4166 1330 4230 εἴτε
1352 4167 1452 4230 τοίνυν

339 4268 380 4351 μὴ
405 4267 523 4353 βρέχοι,
545 4265 710 4352 πρόχειρος
731 4268 775 4336 εἰς
796 4267 994 4353 βλασφημίαν
1018 4268 1034 4331 ό
1054 4267 1131 4351 ἀνὴρ
1150 4266 1201 4329 καὶ
1219 4266 1249 4328 οἱ
1267 4265 1298 4335 ἐξ
1318 4265 1452 4328 ἐκείνου·

339 4363 399 4428 εἴτε
420 4364 546 4451 βρέχοι,
572 4365 630 4429 οὐκ
652 4367 813 4450 ἀναχωρεῖ
829 4369 884 4428 τοῦ
909 4366 1005 4449 μάτην
1029 4363 1184 4426 αἰτιᾶσθαι
1205 4365 1256 4426 καί
1276 4363 1452 4448 διαβάλλειν

337 4459 422 4524 θεόν.
464 4460 519 4548 κάν
546 4462 637 4547 ἄρτον
666 4463 711 4530 είς
737 4466 845 4548 χεῖρας
870 4463 1023 4547 λάβωσιν,
1055 4461 1189 4545 ἀμῶνται
1207 4465 1327 4545 πρῶτον
1351 4461 1381 4523 οί
1400 4463 1454 4542 τῆς

339 4559 538 4646 βλασφημίας
566 4561 702 4645 μαθηταὶ
726 4560 779 4624 καὶ
808 4558 908 4628 οῦτως
936 4558 1146 4644 ἐμπιπλῶνται
1170 4559 1199 4620 οί
1220 4559 1381 4644 ἀχάριστοι
1402 4557 1453 4620 καὶ
