3517 5434
412 693 447 747 ld
848 694 1025 766 Ποιμάνδρης.
1369 720 1422 770 cap.
1444 701 1467 754 l.

362 864 382 931 t
412 848 598 935 ἀκορέστως
624 848 668 926 ὠς
694 855 731 915 ἐν
759 854 979 938 cammite·
1009 854 1065 918 καὶ
1094 848 1179 920 οὕτω
1201 854 1388 937 βασανίζει,
1411 860 1467 924 καὶ

345 993 372 1027 κ
412 960 464 1024 ἐπ’
483 957 603 1038 αὐτοὺς
623 963 689 1049 πῦρ
711 964 764 1027 ἐπὶ
786 963 900 1048 πίεζον
923 960 1065 1044 αὐξάνει.

343 1072 387 1138 24
474 1062 525 1138 Εὖ
556 1096 597 1159 με
630 1069 754 1152 πάντα,
787 1076 888 1162 ἔφην,
922 1072 964 1152 ὡς
998 1073 1197 1161 ἐβουλόμην,
1237 1074 1405 1156 ἐδίδαξας,
1439 1070 1500 1144 cit

412 1185 499 1258 νοῦς.
527 1186 574 1249 ἔτι
603 1185 638 1249 δέ
666 1209 724 1268 μοι
746 1188 914 1274 attremat
944 1188 1003 1267 τῆς
1035 1183 1159 1254 ἀνόδου
1191 1191 1250 1268 τῆς
1282 1192 1463 1274 γινομένης.

412 1290 508 1382 Πρός
536 1297 642 1361 ταῦτα
672 1294 692 1362 ὁ
723 1294 941 1383 Ποιμάνδρης
975 1294 1057 1378 εἶπε,
1092 1302 1236 1386 Πρῶτον
1269 1301 1329 1382 μὲν
1363 1305 1398 1366 ἐν
1426 1305 1465 1390 τῇ

411 1401 568 1472 ἀναλύσα
589 1411 649 1472 τοῦ
671 1404 823 1491 σώματος
844 1411 905 1476 τοῦ
925 1407 1039 1476 ὑλικοῦ
1064 1411 1293 1495 παραδίδωσιν
1321 1409 1402 1476 αὐτὸ
1426 1393 1463 1478 τό
1483 1425 1499 1476 6

411 1517 508 1598 σῶμα
530 1524 575 1593 είς
598 1517 790 1598 ἀλλοίωσιν,
811 1523 867 1585 καὶ
889 1517 928 1586 τό
952 1518 1046 1600 εἶδος,
1069 1516 1088 1586 ὃ
1112 1517 1207 1606 εἶχες,
1229 1521 1357 1611 α’φανίς
1378 1526 1464 1605 γίνε-

410 1649 475 1692 ται.
502 1631 559 1696 καὶ
588 1626 626 1696 τό
655 1621 747 1711 ἦθος
774 1635 821 1714 τῷ
849 1632 983 1716 δαίμονι
1011 1630 1228 1718 ἀνινέργητον
1249 1633 1463 1719 παραδίδωσι,

410 1739 468 1802 καὶ
495 1744 530 1804 αὶ
562 1740 740 1823 αἰσθήσεις
773 1746 834 1808 τοῦ
861 1740 1014 1829 σώματος
1042 1749 1087 1822 εὶς
1114 1738 1174 1820 τάς
1202 1747 1327 1810 ἑαυτῶν
1355 1738 1499 1828 πηγάςν

408 1854 644 1939 ἐπανέρχονται
664 1858 748 1941 μέρη
769 1851 949 1940 γινόμεναι,
970 1858 1025 1922 καὶ
1041 1852 1141 1922 πόλιν
1163 1851 1397 1940 συνιστάμεναι
1419 1859 1464 1930 εὶς

407 1957 468 2039 τάς
489 1968 661 2051 ἐνεργείας.
685 1969 742 2033 καὶ
765 1964 783 2033 ὁ
806 1963 919 2052 θυμὸς
940 1971 995 2036 καὶ
1019 1966 1039 2050 ἡ
1063 1970 1227 2053 ἐπιθυμία
1242 1973 1286 2044 εἰς
1301 1962 1362 2047 τὴν
1383 1961 1463 2032 ἀλα·

342 2070 384 2135 25
407 2100 469 2158 γον
491 2074 593 2164 φύσιν
615 2089 724 2166 χωρεῖ.
754 2082 811 2145 καὶ
839 2075 943 2154 οὕτως
971 2077 1062 2165 ὁρμᾷ
1090 2074 1208 2144 λοιπὸν
1236 2072 1304 2142 ἀνω
1327 2072 1383 2142 διά
1405 2078 1464 2156 τῆς
1483 2092 1517 2144 12

407 2184 578 2270 ἁρμονίας,
599 2191 656 2254 καὶ
677 2190 717 2279 τῇ
738 2185 848 2278 πρώτῃ
870 2187 952 2278 ζώνη
975 2190 1088 2253 δίδωσι
1104 2184 1164 2266 την
1179 2181 1355 2264 αὐξητικὴν
1375 2193 1389 2250 ἐ
1410 2193 1463 2270 ἑρ-

407 2317 501 2376 γααν
528 2299 585 2360 καὶ
612 2292 675 2374 τὴν
701 2295 889 2380 μαντικήν,
916 2299 974 2362 καὶ
1001 2299 1040 2385 τῇ
1068 2297 1203 2382 δευτέρᾳ
1229 2290 1290 2374 τὴν
1311 2293 1464 2379 μηχανὴν

407 2408 473 2469 τῶν
493 2407 611 2484 κακῶν,
631 2409 690 2471 καὶ
711 2401 771 2472 τόν
793 2404 895 2472 δόλον
917 2403 1142 2492 ἀνενίργητον,
1165 2407 1221 2472 καὶ
1235 2407 1276 2496 τῇ
1289 2408 1380 2496 τρίτη
1402 2400 1462 2486 την
1483 2428 1516 2478 15

407 2513 651 2600 ὲπιθαμητικὴν
667 2515 801 2598 ἀπάτην
816 2517 1043 2604 ἀνενέργητον,
1060 2519 1116 2582 καὶ
1127 2520 1166 2608 τῇ
1182 2513 1319 2608 τετάρτῃ
1331 2512 1391 2598 τὴν
1402 2515 1462 2605 ἀρ-

479 2718 502 2767 l.
522 2715 556 2777 ὥς
573 2722 599 2769 iv
622 2711 802 2788 σκοτομαγίᾳ]
827 2717 1003 2790 σκοτομαχῶν
1026 2721 1048 2770 Α
1073 2719 1152 2770 Turn.
1176 2718 1242 2770 Patr.
1266 2713 1281 2789 ΙΙ
1324 2715 1404 2785 οὕτω]
1428 2719 1463 2770 sic

478 2823 553 2869 marg.
565 2802 598 2868 Β,
616 2802 713 2858 τοῦτον
732 2807 755 2856 Α
773 2805 852 2856 Turn.
874 2803 948 2867 Patr„
967 2801 1080 2865 τούτους
1098 2806 1178 2858 Flam.
1199 2800 1213 2874 ΙΙ
1254 2821 1311 2858 ante
1326 2807 1463 2876 βασανίζει

478 2891 557 2944 Turn.
571 2906 595 2942 et
606 2891 687 2943 Flusa.
701 2892 795 2943 addunt
807 2887 931 2960 ἀφανίζει
944 2893 988 2944 καὶ
1000 2893 1043 2943 tut
1060 2895 1147 2946 πλέον.
1170 2892 1196 2944 2.
1209 2885 1320 2958 αὖτοὺς]
1333 2892 1369 2944 aic
1380 2891 1460 2942 Fluas.

476 2973 558 3030 αάτόν
576 2977 675 3047 reliqui.
737 2977 763 3029 3.
782 2976 826 3047 με]
844 2998 892 3046 μοι
910 2977 955 3030 ΑΒ
975 2978 1054 3032 Turn.
1074 2979 1140 3034 Pntr.
1160 2973 1173 3048 ΙΙ
1212 2977 1285 3048 lent]
1308 2979 1344 3030 nic
1361 2978 1391 3041 Β,
1410 2998 1460 3030 om.

474 3064 575 3135 reliqui.
645 3063 671 3115 4.
691 3066 750 3134 περὶ
766 3085 818 3116 om.
836 3066 860 3115 A
879 3063 947 3116 Patr.
1008 3065 1033 3116 ὃ.
1052 3062 1129 3136 πρὸς]
1147 3064 1218 3134 perci
1236 3065 1303 3117 Patr.
1362 3065 1387 3118 6.
1406 3086 1462 3118 πα-

474 3154 588 3223 ραδίδως
605 3151 636 3202 Β.
696 3151 720 3202 7.
740 3141 817 3216 εἶχες]
836 3141 904 3217 εἶχεν
921 3150 987 3204 Patr.
1045 3149 1070 3202 9.
1090 3154 1120 3202 ui
1137 3171 1188 3202 om.
1208 3151 1273 3204 Patr.
1340 3151 1380 3202 10.
1399 3170 1461 3203 σνν-

475 3237 649 3308 ανιστάμεναι
671 3235 767 3301 Vergit,
786 3237 866 3288 Flusa.
942 3236 983 3288 l‘l.
1003 3237 1048 3288 καὶ
1065 3257 1115 3288 om.
1136 3237 1215 3290 Turn.
1282 3237 1322 3288 15.
1341 3233 1460 3300 καὶτὸν]

474 3324 509 3374 sic
526 3324 664 3398 Patr.‚4orn
691 3320 790 3389 reliqui.
863 3321 906 3373 16.
925 3317 1032 3390 ἀπάτην
1050 3342 1101 3374 om.
1120 3324 1187 3375 Patr.

404 3474 507 3530 darium
529 3493 623 3532 eorum
644 3472 853 3532 insaturabiliter
875 3473 976 3543 elevet,
1000 3474 1082 3532 veluti
1100 3477 1128 3530 io
1147 3473 1267 3530 tenebris
1285 3491 1414 3550 pugnans.
1434 3483 1461 3528 et

402 3563 439 3617 ita
457 3563 569 3631 cruciat,
587 3563 661 3618 etin
679 3579 726 3619 eoa
745 3563 831 3634 ignem
849 3563 930 3618 etiam
948 3571 1029 3636 atque
1048 3563 1127 3619 etiam
1146 3560 1265 3634 adauget.

455 3649 684 3726 (inuerecunda,
702 3649 818 3722 inquam,
829 3658 866 3707 ‚ut
884 3649 966 3716 volui,
984 3667 1025 3704 me
1038 3646 1163 3713 docuisti,
1182 3664 1301 3714 σωροῦ,
1319 3644 1460 3702 sedetiam

402 3734 448 3790 dic
467 3734 532 3790 milri
551 3733 586 3790 dc
607 3733 732 3792 iaciendo
753 3754 874 3792 aecenau.
899 3735 969 3792 dixit
989 3731 1166 3790 Poemauder:
1191 3731 1282 3790 Prima
1306 3732 1414 3809 quidem
1431 3734 1460 3788 iu

403 3819 571 3875 recolatione
588 3823 713 3895 corporis
729 3820 873 3876 materialia
894 3820 977 3878 tradit
995 3840 1093 3898 corpus
1113 3821 1201 3897 ipsum
1218 3821 1248 3876 iu
1265 3819 1459 3883 alterationem,

401 3916 429 3962 et
448 3905 531 3962 iorma
544 3926 623 3980 quam
634 3906 760 3974 habuisti,
778 3907 810 3963 fit
822 3907 976 3964 invisibilis.
995 3918 1022 3964 et
1040 3927 1140 3964 morem
1158 3905 1279 3974 daemoni
1294 3904 1460 3996 inefficacem

401 3991 499 4059 tradit,
522 4002 550 4047 et
572 4012 669 4050 aenaea
692 3996 814 4070 eorporis
839 3996 867 4048 iu
891 4014 956 4050 suos
979 3993 1068 4050 sontes
1086 3992 1200 4050 redeunt
1217 4000 1307 4066 partes
1332 3987 1409 4053 sacti,
1433 3996 1460 4042 el

400 4100 495 4136 ταωνι
515 4079 671 4136 reficiuntur
688 4083 716 4136 in
735 4083 862 4137 actionea.
889 4089 917 4134 et
935 4078 1070 4134 iracundia
1094 4088 1121 4132 ot
1143 4073 1361 4150 concupiscentia
1380 4074 1408 4128 in
1426 4075 1460 4128 ir·

400 4165 558 4224 rationalem
581 4178 700 4226 naturam
719 4168 783 4223 abit.
807 4175 886 4240 atque
908 4165 945 4218 ita
968 4163 1085 4237 denique
1108 4164 1236 4235 impetum
1259 4162 1331 4237 capit
1353 4179 1459 4218 auream

399 4274 450 4330 per
473 4253 651 4322 harmoniam,
677 4264 705 4309 et
727 4255 830 4328 primae
852 4268 936 4304 nonae
959 4247 1005 4304 dat
1028 4247 1260 4320 augmentatricem
1283 4248 1415 4304 actionem
1432 4258 1459 4303 et

400 4361 471 4406 eam,
489 4361 560 4417 quae
576 4351 619 4397 eat
636 4338 816 4402 decrementi,
833 4345 861 4390 et
879 4333 1013 4390 secundae
1031 4332 1254 4390 machinationem
1271 4332 1412 4403 malorum,
1431 4343 1460 4390 et

399 4425 491 4484 dolum
512 4427 691 4491 inefficacem,
720 4432 747 4478 et
769 4423 862 4478 tertiae
893 4419 1131 4499 concupiscibilem
1158 4420 1344 4501 deceptionem
1366 4422 1459 4480 itidem

1194 4603 1217 4636 ..θ
