3517 5434
399 704 432 756 16
832 702 1008 774 Ποιμάιάρης.
1352 725 1407 775 cap.
1427 708 1450 758 1.

396 877 458 924 σιν.
481 851 544 940 ἐγὼ
566 857 600 921 δὲ
623 853 859 944 εὐχαριστήσας
880 861 937 923 καὶ
959 852 1139 942 εὐλογήσας
1161 853 1221 924 τὸν
1234 863 1362 946 πατέρα
1385 862 1452 926 τῶν

396 965 483 1038 ὅλων
522 965 664 1048 ἀνέστην
695 965 752 1033 ὑπ’
788 966 895 1035 αὐτοῦ
932 969 1144 1055 ἀνναμωθεὶς
1182 972 1239 1036 καὶ
1277 971 1451 1056 διδαχθεὶς

281 1079 284 1082 ’
395 1085 457 1146 τοῦ
488 1073 612 1155 παντὸς
650 1075 712 1160 τήν
746 1076 847 1168 φύσιν
880 1083 937 1146 καὶ
968 1075 1030 1161 τήν
1062 1083 1220 1166 μεγίστην
1251 1083 1355 1148 θέαν·
1393 1085 1485 1148 καλε

397 1183 522 1281 ήργμαι
554 1188 728 1280 κηρύσσειν
765 1199 835 1266 τοῖς
873 1187 1068 1279 ἀνθρώποις
1108 1187 1147 1257 τύ
1190 1192 1249 1272 τῆς
1283 1189 1450 1277 εὐσεβείας

396 1307 453 1369 καὶ
493 1298 532 1368 τό
564 1306 624 1384 τῆς
657 1299 806 1389 γνώσεως
832 1297 963 1377 κάλλος.
999 1292 1040 1366 Ὦ
1073 1304 1165 1381 λαοί,
1204 1297 1322 1392 ἀνδρες
1353 1327 1449 1388 γηγε-

396 1424 477 1492 νεῖς,
517 1418 552 1478 οἱ
584 1417 675 1505 μέθη
706 1416 762 1479 καί
795 1408 887 1496 ὕπνῳ
920 1409 1056 1489 ἑαντούς
1088 1410 1299 1490 ίκὸεδωκότες
1327 1417 1382 1480 καὶ
1410 1416 1485 1504 rsit

398 1523 547 1609 ἀγνωσία
561 1527 621 1590 τοῦ
635 1528 729 1603 θεοῦ,
742 1521 881 1614 νήψατε,
902 1520 1083 1591 παύσασθε
1096 1527 1346 1611 κραιπαλῶντες,
1368 1526 1450 1591 det·

396 1633 533 1721 γόμενοι
553 1631 644 1720 ὕπνῳ
665 1632 785 1720 ἀλόγῳ.
815 1620 885 1716 ’afa
897 1657 952 1690 σει
967 1646 1011 1712 (γ’
1022 1621 1057 1706 ν”ί
1078 1629 1091 1687 l
1115 1621 1214 1706 15.an
1227 1605 1244 1688 ‘t
1259 1617 1275 1672 l·

332 1742 375 1835 28
467 1744 508 1812 ot
536 1747 571 1812 δὲ
599 1742 799 1824 ἀκούσαντες
819 1750 1040 1834 παρεγένοντο
1071 1744 1303 1833 ὁμοθυμαὸόν.
1331 1743 1393 1832 ἐγώ
1414 1749 1484 1815 δίε

398 1883 493 1948 φημι,
521 1861 562 1924 Τί
582 1855 732 1937 ἑαυτούς,
754 1848 781 1922 ὦ
802 1853 921 1947 ἀνδρες
942 1870 1096 1942 γηγενεῖς,
1118 1866 1163 1937 είς
1186 1857 1342 1927 θάνατον
1364 1860 1450 1925 ἐκδε-

397 1966 520 2036 δοίκαιε
543 1972 670 2056 ἔχοντες
691 1969 843 2050 ἐξουσίαν
866 1973 925 2050 τῆς
947 1970 1143 2048 ἀθανασίας
1155 1973 1372 2057 μεταλαβεῖνς
1393 1994 1450 2056 με·

396 2076 584 2162 τανοήσατε
605 2084 638 2145 οἱ
653 2077 908 2158 σονούεὐσαντες
922 2083 961 2172 τῇ
975 2078 1084 2172 πλάνη
1098 2085 1154 2148 καὶ
1170 2079 1451 2168 σνγκοινιονήσαν-
1470 2099 1504 2150 12
1612 2106 1614 2180 ζ

398 2217 451 2268 τες
471 2194 512 2282 τῇ
535 2189 670 2275 ἀγνοίᾳ,
698 2188 911 2276 ἀπαλλάγητε
932 2194 993 2258 τοῦ
1015 2195 1183 2260 σκοτεινοῦ
1204 2191 1329 2284 φωτός,
1351 2217 1451 2278 μετα·
1551 2209 1556 2216 ’

399 2297 516 2386 λάβετε
538 2304 597 2380 τῆς
619 2299 815 2377 ἀθανασίας
835 2303 1097 2389 καταλείψαντες
1118 2299 1179 2386 τήν
1200 2302 1351 2395 φθοράν.

332 2416 375 2482 29
463 2414 536 2478 Καὶ
557 2415 590 2477 οί
611 2414 671 2497 μὲν
699 2409 808 2478 αὐτῶν
834 2412 1173 2504 καταφλυαρήσαντες
1201 2414 1392 2496 ἀπέστησαν
1412 2418 1452 2503 τῇ
1471 2431 1505 2483 to

398 2527 460 2592 τοῦ
491 2520 648 2591 θανάτου
674 2521 742 2608 ὁδῷ
770 2512 906 2602 ἐαότούς
930 2523 1152 2607 taratantara,
1186 2530 1217 2592 οἱ
1250 2528 1285 2590 δὲ
1306 2523 1452 2610 παρεκά-

399 2641 479 2704 λονν
501 2637 715 2722 διδαχθῆναι,
735 2632 872 2714 ίαντούς
892 2630 957 2725 πρὸ
980 2638 1092 2705 ποδῶν
1113 2661 1177 2722 μον
1198 2638 1366 2725 ῥίψαντες.
1388 2631 1451 2717 ἐγώ

400 2750 434 2816 δὲ
470 2744 662 2828 ἀναστήσας
684 2744 804 2825 αὐτοὺς
832 2744 1028 2840 καείούηγύς
1059 2743 1217 2834 ἐγενόμην
1244 2748 1304 2810 τοῦ
1337 2750 1451 2828 γένους
1472 2765 1507 2815 18

469 2975 496 3026 2.
514 2969 636 3044 ἀνέστην]
655 2970 768 3044 ἀνιίθην
785 2975 816 3038 Β,
835 2971 945 3029 ἀνείθεν
965 2979 995 3028 Α.
1071 2976 1097 3026 5.
1116 2973 1148 3026 τὸ
1167 2970 1224 3041 τῆς]
1243 2971 1278 3024 εἷο
1295 2972 1375 3033 Patr,
1400 2989 1450 3021 orn.

469 3059 568 3130 reliqui.
588 3056 602 3128 ΙΙ
634 3060 749 3128 κάλλος]
768 3064 840 3120 aliar
857 3063 936 3114 Turn.
1010 3061 1051 3112 ld.
1070 3056 1169 3130 πλάνη]
1188 3057 1275 3130 σπάνιγ
1295 3059 1325 3112 Α.
1347 3053 1359 3125 ΙΙ
1391 3075 1454 3112 συσ-

470 3149 640 3206 κοτισθίιτες
658 3145 723 3198 Patr.
797 3147 839 3198 14.
858 3149 1034 3217 καταλείψετε
1054 3145 1118 3196 Patr.
1191 3142 1233 3195 18.
1252 3144 1369 3213 ἒγννόμηι
1386 3143 1416 3196 Β.

400 3317 434 3372 ab
452 3336 485 3371 eo
502 3315 647 3370 roboratus
667 3324 694 3368 et
712 3315 825 3370 edoctus
843 3315 962 3370 universi
981 3324 1101 3370 naturam
1113 3323 1140 3367 et
1151 3315 1293 3370 maximum
1309 3312 1377 3370 illud
1395 3331 1454 3387 spe·

402 3399 546 3464 cuculum
569 3409 596 3454 et
618 3400 697 3476 coepi
714 3398 767 3454 alta
784 3419 852 3455 voce
875 3403 1002 3456 nunciare
1023 3399 1176 3455 hominibus
1193 3402 1303 3475 pietatis
1321 3409 1349 3455 et
1366 3399 1454 3472 engui-

401 3488 484 3542 tionis
503 3484 737 3563 pulchritudinem.
775 3484 801 3540 0
821 3485 924 3562 populi,
942 3487 994 3542 viri
1012 3485 1174 3560 terrigenae,
1193 3489 1238 3562 qni
1256 3495 1361 3542 vosmet
1378 3487 1453 3558 ipsos

402 3572 525 3628 ebrietati
543 3582 571 3628 et
583 3591 683 3636 ¹somno
702 3569 846 3626 dedidiatis
862 3580 892 3626 et
908 3573 1069 3647 ignorationi
1087 3570 1145 3640 dei,
1164 3573 1249 3630 sobrii
1266 3580 1366 3637 estote,
1385 3567 1454 3623 desi·

400 3662 458 3715 nite
475 3658 616 3736 crapulari,
634 3655 725 3712 allecti
743 3674 838 3712 somno
855 3656 1013 3714 irrationali.
1061 3663 1067 3670 “

454 3744 498 3800 llli
519 3765 584 3800 vero
611 3743 750 3799 audientes
777 3752 949 3799 accesserunt
970 3741 1093 3797 libenter.
1117 3751 1181 3797 tune
1204 3742 1258 3794 ain:
1281 3739 1412 3806 Carnam,
1438 3757 1454 3792 ο

401 3831 454 3887 viri
472 3831 631 3904 terrigenae,
655 3837 761 3884 vosmet
782 3827 935 3885 tradidistis
953 3829 980 3882 in
998 3835 1124 3892 mortem,
1146 3824 1275 3880 habentos
1292 3831 1453 3898 potestatem

401 3914 609 3972 immortalitatis
635 3912 696 3969 lieri
722 3914 886 3992 participes?
913 3913 1065 3986 resipiscite
1092 3911 1138 3982 qai
1163 3927 1224 3964 euna
1251 3923 1342 3960 errore
1370 3905 1455 3954 ineas-

402 4004 478 4058 εἰςείς
502 4011 530 4057 et
552 4001 768 4056 communicastis
792 4021 851 4056 cum
873 3997 1036 4071 ignorantia,
1064 3992 1195 4046 discedite
1217 4011 1230 4042 a
1249 3985 1394 4078 tenebroso
1417 3983 1454 4039 lu·

401 4089 481 4153 mine,
499 4086 706 4143 immortalitatis
723 4097 812 4142 estote
829 4082 985 4160 participes,
1004 4075 1120 4130 deserite
1137 4072 1343 4147 corruptionem.

455 4179 491 4228 At
514 4193 605 4230 eorum
628 4172 710 4248 aliqui
733 4171 879 4228 illudentes
903 4162 1100 4224 discesserunt,
1130 4160 1158 4212 iu
1182 4157 1252 4212 viam
1275 4157 1370 4211 mortis
1394 4175 1456 4212 sese

401 4258 550 4330 tradentes,
567 4259 613 4315 alii
629 4279 696 4316 vero
714 4257 828 4312 orabant
844 4259 875 4305 ut
893 4244 1083 4310 edocerentur,
1100 4241 1133 4297 ad
1152 4239 1237 4319 pedes
1254 4261 1328 4300 meas
1346 4263 1376 4300 se
1394 4265 1456 4322 pro·

403 4349 533 4403 iieientes.
560 4365 609 4423 ego
627 4365 693 4403 vero
711 4340 775 4396 illos
797 4349 907 4407 surgere
929 4327 1038 4396 iubens,
1061 4327 1117 4385 dax
1139 4328 1251 4388 effeetus
1274 4347 1333 4388 sum
1350 4333 1455 4407 generis

403 4431 522 4501 hnmani,
540 4436 659 4490 rationes
677 4427 778 4483 docens
796 4417 910 4493 qualiter
928 4424 956 4471 et
974 4415 1108 4492 quomodo
1126 4420 1229 4480 servari
1247 4428 1353 4496 queant.
1372 4427 1399 4475 at
1417 4437 1457 4474 se-
