3517 5434
846 675 888 734 ⁰9

310 840 457 924 γηθείσης
481 841 533 903 καὶ
561 843 615 923 τῆς
641 837 749 910 ούσίας
768 845 823 908 τοῦ
846 844 984 926 πονηροῦ
1007 839 1164 923 γεγονέναι
1186 839 1237 903 τδν
1261 839 1424 925 ἄνθρωπον

312 939 347 1003 ἐκ
368 942 471 1024 ψυχῆς
488 937 538 999 καί
562 939 720 1021 σώματος,
743 940 795 1002 καὶ
814 944 868 1023 τῆς
893 939 947 1022 μὲν
968 941 1071 1023 ψυχῆς
1094 938 1135 1022 μὴ
1158 936 1252 1001 αἴτιον
1277 937 1353 1000 εἶναι
1374 939 1426 1002 τόν

310 1036 444 1120 πονηρὸν
478 1034 554 1117 μήτε
582 1034 783 1117 πεποιηκέναι
812 1035 919 1100 οδσίαν
953 1039 1072 1121 ψυχῆς,
1106 1037 1160 1117 τῆς
1183 1034 1217 1096 δὲ
1250 1035 1427 1120 είσκρίσεως

313 1132 408 1217 μόνης
428 1137 482 1215 τῆς
503 1131 536 1194 ἐν
560 1133 678 1215 σάματι
699 1132 823 1218 ἐνεργὸν
847 1133 935 1198 είναι.
979 1131 1150 1201 σκυλεύσας
1169 1133 1239 1217 γάρ,
1263 1133 1306 1200 ῶς
1324 1133 1427 1216 φασίν,

312 1230 459 1315 είσέκρινε
480 1233 519 1313 τῇ
542 1229 648 1313 σαρκί,
677 1231 731 1313 τὴν
756 1231 791 1294 δέ
814 1233 914 1315 σάρκα
934 1230 1028 1313 αὐτὴν
1051 1231 1102 1292 καί
1123 1229 1176 1313 τὴν
1199 1231 1308 1293 πλάσιν
1332 1229 1462 1313 οιίιτηνδ

311 1329 362 1391 καί
391 1329 442 1392 τδν
471 1329 653 1412 χαρακτῆρα
687 1330 739 1392 καί
769 1329 824 1413 την
853 1329 975 1391 τοιάνδε
1004 1326 1125 1412 μορφὴν
1158 1328 1208 1390 καὶ
1237 1328 1290 1410 τὴν
1321 1325 1428 1390 οδσίαν

312 1426 387 1509 όλην
411 1423 599 1509 ἔργονέἶναι
620 1425 672 1487 καὶ
690 1427 801 1489 πλάσιν
827 1427 882 1490 τόῶ
903 1425 1091 1493 ἀπατεῶνος.
1133 1424 1163 1494 ἐξ
1190 1423 1333 1488 ἐναντίων
1354 1429 1427 1507 γοῦν

310 1521 467 1607 γεγονέναι
479 1523 531 1585 τόν
546 1521 709 1606 ἄνθρωπον
725 1526 950 1607 ὁμολογοῦντες
964 1521 1038 1587 ούδὲ
1050 1524 1100 1586 τὸν
1112 1527 1172 1584 τῶν
1188 1521 1331 1586 ἐναντίων
1346 1522 1429 1585 ίσασι

312 1620 403 1702 λόγον
435 1618 510 1682 ούδὲ
541 1619 588 1682 ότι
613 1618 676 1684 ἔστι
698 1620 761 1683 τινά
784 1626 844 1684 τῶν
869 1621 1031 1698 ἐναντίων,
1064 1621 1151 1683 ἅτινα
1174 1621 1267 1703 ἀμιγῆ
1293 1621 1371 1684 ἐστιν
1397 1620 1428 1682 ἐν

312 1716 427 1795 αὐτοῖς,
447 1716 598 1799 μηδεμίαν
618 1720 694 1801 πρὸς
713 1718 808 1782 ἐαυτά
830 1719 907 1802 μῖξιν
927 1719 978 1781 καὶ
996 1717 1157 1780 κοινωνίαν
1178 1716 1324 1785 δέξασθαι
1341 1717 1427 1778 δυνά·
1448 1723 1480 1776 1⁰

313 1837 408 1898 μενα,
433 1812 513 1876 ἀλλά
537 1819 577 1898 τῇ
605 1814 793 1898 νομιζομένη
821 1815 965 1898 κοινωνία
996 1813 1184 1898 ἀναιρέσεως
1211 1815 1329 1877 ἑαυτῶν
1356 1813 1428 1877 ύντα

313 1910 405 1986 αἴτια,
431 1911 473 1994 μὴ
496 1913 651 1995 δυνάμενα
674 1913 755 1993 όμοῶ
778 1911 867 1988 εἶναι,
889 1910 970 1974 ἀλλά
992 1914 1047 1974 τοῦ
1070 1908 1177 1994 ἑτέρου
1202 1909 1427 1994 ἀναιρουμένου

314 2007 364 2072 διά
393 2008 446 2091 τὴν
474 2012 529 2072 τοῦ
559 2007 666 2093 ἐτέρου
697 2009 903 2092 ἐπικράτησιν.
947 2007 1014 2071 ίδοδ
1037 2006 1095 2091 γὰρ
1120 2007 1151 2070 ἐν
1176 2008 1220 2070 ἑνὶ
1235 2008 1430 2093 ,κοιτωνίσκιρ

312 2105 414 2190 ἡμέρα
436 2106 488 2168 καὶ
508 2105 560 2174 νύξ
582 2105 639 2168 ούκ
658 2104 694 2168 ἀν
718 2105 880 2189 εὑρεθείη,
911 2105 977 2168 ἐπεὶ
1000 2103 1093 2188 μόνον
1117 2110 1185 2189 φῶς
1207 2105 1334 2189 εὑρεθὲν
1357 2127 1428 2188 προ-

313 2205 436 2288 αναιρεῖ
456 2202 634 2271 τδσκότος.
679 2202 745 2265 ἰδού
770 2203 801 2265 ἐν
826 2207 880 2287 μιᾷ
903 2188 995 2287 ψυχηῖ
1015 2201 1201 2287 σωφροσύνη
1226 2203 1277 2265 καὶ
1299 2201 1427 2286 πορνεία
1447 2209 1479 2262 ίδ

313 2301 370 2365 ούκ
392 2300 428 2365 ἀν
452 2300 581 2386 φανείη,
611 2300 678 2363 ἐπεὶ
699 2299 776 2384 μόνη
800 2299 986 2384 σωφροσύνη
1008 2303 1140 2384 φανεῖσα
1164 2299 1198 2364 ἐκ
1220 2301 1324 2363 ποδῶν
1347 2297 1428 2381 γενέ·

314 2399 387 2462 σθαι
415 2400 469 2483 την
497 2397 642 2482 πορνείαν
670 2401 764 2461 ποιεῖ.
810 2396 877 2460 ίδοδ
907 2395 1074 2482 θεοσέβεια
1100 2397 1151 2460 καὶ
1177 2397 1307 2483 ἀσέβεια
1330 2395 1360 2459 ἐν
1385 2397 1429 2459 ἐνί

313 2497 470 2581 ἀνθρῶπιρ
497 2495 554 2558 οὐκ
575 2494 612 2558 ἀν
633 2495 769 2578 γένοιτο·
803 2494 880 2558 όπου
907 2491 964 2577 γὰρ
993 2492 1138 2579 εὐσέβεια
1167 2495 1324 2580 φαίνεται,
1354 2493 1429 2558 οόδέ

314 2592 398 2677 ῥανὶς
419 2593 563 2679 ἀσεβείας
580 2594 704 2678 φανείη.
743 2592 888 2677 ἐπικρίνει
909 2591 1013 2654 δὲκαὶ
1033 2593 1049 2656 ό
1072 2591 1246 2662 ἀπόστολος
1265 2594 1316 2656 καὶ
1335 2613 1428 2676 σφρα-

313 2690 389 2773 γίίει
418 2691 455 2754 τά
485 2689 633 2774 εἰρημένα
663 2691 725 2767 ,τίς
753 2688 899 2753 κοινωνία
922 2690 1000 2774 φωτὶ
1021 2689 1098 2772 πρδς
1124 2688 1247 2766 σκότος;
1280 2690 1323 2757 τίς
1345 2689 1481 2772 μερὶςέθ

313 2792 430 2873 χριστῷ
444 2785 684 2872 πρδςΒελίαρ;“
712 2787 751 2850 τά
768 2787 827 2871 γὰρ
850 2786 973 2855 ἑαυτοῖς
994 2787 1115 2850 ἐναντία
1139 2787 1214 2872 φιλα
1241 2787 1363 2854 ἑαυτοῖς
1375 2784 1431 2847 οὐκ

314 2884 350 2946 ἀν
370 2883 501 2969 γένοιτο.
540 2886 593 2948 καὶ
614 2885 684 2968 μίαν
707 2883 856 2968 ἁρμονίαν
877 2881 934 2947 ούκ
955 2883 991 2946 ἀν
1011 2889 1098 2946 ποιοῖ
1117 2883 1154 2946 τά
1175 2884 1293 2946 ἑαυτῶν
1315 2884 1429 2965 διεστη-

312 2981 399 3044 κότα.
444 2982 519 3046 οὐδὲ
546 2981 604 3066 γὰρ
631 2980 668 3046 έκ
693 3005 727 3044 τε
754 2981 874 3066 ρυθμού
898 2981 948 3044 καλ
973 2981 1144 3066 ἀρρυθμίας
1168 2980 1223 3064 μία
1243 2981 1356 3064 γίνεται
1380 2980 1430 3064 ἀρ-

314 3078 406 3162 μονία
428 3079 500 3144 οὔτε
520 3079 555 3142 ἐκ
575 3084 693 3162 σιωπῆς
713 3079 763 3140 καί
784 3081 893 3148 λαλιᾶς
915 3080 969 3162 μία
990 3079 1122 3163 γίγνεται
1144 3078 1294 3146 σύστασις.
1336 3075 1429 3161 μόνον

312 3175 371 3260 γάρ
392 3179 427 3241 τό
451 3176 484 3239 ἐν
507 3174 585 3239 εἶναι
608 3177 739 3261 δφειλει,
769 3179 823 3240 τού
848 3174 955 3259 ἐτέρου
979 3181 1125 3260 συστῆναι
1147 3175 1204 3240 ούκ
1227 3173 1429 3260 ἀνεχομένου.
1446 3185 1480 3240 w

315 3273 343 3335 εί
365 3273 401 3335 δέ
421 3276 456 3338 τδ
478 3276 569 3356 σῶμα
585 3273 623 3358 ην
647 3278 702 3336 τού
725 3277 864 3358 πονηροῦ
885 3273 936 3335 καί
957 3275 976 3357 ἡ
999 3274 1083 3360 ψυχὴ
1106 3277 1160 3336 τού
1182 3273 1278 3346 θεοῦ,
1302 3277 1368 3340 πῶς
1388 3273 1430 3340 είς

316 3371 386 3454 μίαν
406 3372 554 3457 ἁρμονίαν
574 3375 629 3434 τού
648 3371 814 3456 ἀνθρώπου
832 3367 1039 3448 ἀποδέδοται,
1064 3373 1131 3439 πῶς
1147 3370 1190 3438 εἰς
1207 3370 1276 3453 μίαν
1294 3369 1428 3433 διάθεσιν

313 3470 366 3531 καὶ
393 3471 514 3552 φιλίαν,
544 3468 610 3532 ίδοδ
636 3468 694 3554 ηάρ
723 3471 877 3554 ἥρμοσται
905 3470 956 3532 καὶ
977 3467 1100 3553 γέγονεν
1126 3468 1170 3538 είς
1192 3467 1429 3552 ἄνθρωποςκαὶ

314 3569 354 3648 τῇ
375 3564 507 3650 ἁρμονίη
528 3565 606 3631 ἔστιν
627 3567 681 3636 εἷς.
718 3567 785 3632 ίδοδ
806 3568 827 3651 ἡ
849 3569 933 3653 ψυχή
955 3566 1019 3628 ἐστι
1035 3570 1090 3628 τοῦ
1111 3567 1255 3649 σώματος
1275 3566 1326 3628 καὶ
1346 3567 1433 3650 φιλεῖ

315 3663 366 3724 καὶ
388 3661 515 3746 στέργει
547 3664 668 3742 ,οὐδεὶς
680 3666 737 3749 γάρ
751 3687 826 3728 ποτε
846 3666 900 3748 τὴν
923 3666 1035 3727 ἐαυτοῦ
1058 3664 1156 3748 σάρκα
1179 3661 1334 3746 ἐμίσησεν,
1357 3661 1427 3724 ἀλλ’
1446 3669 1481 3724 ³0

316 3758 457 3845 ἐκτρέφει
481 3762 531 3824 καὶ
560 3762 673 3824 θάλπει
700 3761 827 3845 αότήν“.
873 3762 901 3824 εἰ
925 3762 960 3824 δέ
985 3761 1021 3844 δὴ
1045 3767 1089 3846 τῷ
1112 3758 1209 3844 ἑτέρῳ
1233 3758 1339 3843 μέλλει
1361 3759 1431 3842 περί

315 3861 369 3919 τοῦ
402 3857 509 3942 ἐτέρου
541 3860 593 3922 καὶ
625 3859 679 3944 τὴν
712 3858 870 3942 ἀλγηδόνα
900 3863 954 3922 τοῦ
988 3859 1132 3941 σώματος
1164 3857 1241 3920 ίδίαν
1273 3854 1431 3938 ἀλγηδόνα

315 3954 434 4037 ἡγεῖται
456 3955 477 4036 ἡ
500 3957 584 4041 ψυχὴ
608 3957 661 4021 καλ
687 3955 723 4020 ού
748 3957 909 4040 διαιρεῖται
930 3959 990 4017 τῶν
1014 3954 1219 4038 παθημάτων,
1247 3953 1316 4017 ἀλλ’
1342 3953 1431 4016 οίκει·

316 4057 404 4116 ούται
432 4053 510 4136 πρὸς
536 4053 575 4116 τά
601 4055 779 4140 τραύματα,
811 4053 979 4116 οίκειούται
1009 4053 1086 4136 πρὸς
1107 4051 1145 4114 τά
1166 4052 1351 4134 παθήματα,
1380 4049 1432 4112 καὶ

316 4148 368 4212 ότε
387 4148 443 4233 μὲν
466 4151 558 4235 ἀλγῇ,
584 4153 767 4236 τραυμάτων
796 4151 899 4215 ένεκεν
929 4150 1068 4226 ἀνιᾶται,
1100 4149 1258 4217 ἀνῶδυνος
1285 4146 1362 4210 εῖναι
1388 4146 1429 4229 μὴ
1447 4157 1481 4213 ³⁵

316 4247 489 4333 δυναμένη,
522 4247 573 4312 ότε
604 4250 640 4313 δὲ
667 4249 828 4334 ἡδυπαθῆ,
859 4250 911 4312 καὶ
941 4249 1000 4312 ὑπὸ
1028 4251 1082 4331 τῆς
1110 4247 1225 4330 ἡδονῆς
1246 4245 1429 4329 ἐρεθίζεταιτ

317 4345 440 4431 μετέχει
464 4350 525 4409 τῶν
552 4348 726 4431 κινημάτων
748 4347 801 4410 καί
821 4347 842 4430 ἡ
863 4347 948 4431 ψυχὴ
970 4346 1022 4408 καὶ
1042 4346 1264 4430 συνεφάπτεται
1284 4345 1344 4405 τῶν
1367 4339 1430 4424 ἐρε-

315 4442 436 4528 θισμῶν
465 4445 518 4506 καὶ
545 4443 632 4527 λήγει
653 4443 709 4525 μδν
733 4445 866 4528 όμοίως,
897 4443 1047 4530 λαμβάνει
1068 4442 1103 4507 δὲ
1126 4440 1260 4503 ἐπιδσσιν
1283 4437 1433 4506 ῶσαύτως

316 4541 367 4603 καὶ
400 4538 554 4625 ληγούσης
589 4539 644 4623 μδν
677 4543 781 4624 ψυχῆς
816 4541 879 4604 ἀπδ
915 4545 975 4604 τῶν
1008 4540 1179 4624 κινημάτων
1217 4540 1276 4600 τῶν
1309 4533 1431 4611 παθῶν,

1232 4635 1278 4697 70
