3517 5434
391 711 426 761 5⁰
766 706 827 760 Ὅτι
845 712 870 758 ἓν
890 704 960 776 μόνῳ
980 707 1015 772 τῷ
1034 707 1089 772 θεῷ
1357 729 1409 776 cop.
1428 709 1454 760 6.

391 860 455 948 γὰρ
469 859 578 951 πλήρη
594 858 636 928 τοί
648 858 797 947 γεννητό,
813 860 916 942 αὐτῆς
931 865 989 940 τῆς
1004 865 1157 944 γενέσεως
1169 862 1329 940 παθητῆς
1345 857 1453 942 οὐσιγς.

393 972 488 1049 ὅπου,
502 976 536 1040 δὲ
558 970 683 1055 πόθος,
707 973 858 1060 οὐδαμοῦ
872 966 910 1036 τὸ
933 967 1080 1055 ἀγαθόν,
1103 966 1188 1036 ὅπου
1203 973 1238 1036 δὲ
1253 969 1291 1036 τό
1308 971 1453 1056 ἀγαθόν,

394 1085 544 1170 οὐδαμοῦ
573 1083 647 1150 οὐδὲ
675 1088 710 1150 ἓν
732 1080 771 1150 τό
794 1082 920 1160 πόθος.
966 1078 1051 1148 ὅπου
1072 1079 1137 1168 γὰρ
1160 1081 1282 1168 ἡμέρα,
1305 1081 1453 1169 οὐδαμοῦ
1473 1093 1489 1144 3

392 1195 458 1277 νόξ,
488 1194 574 1262 ὅπου
601 1198 636 1262 δὲ
663 1194 735 1276 νύξ,
766 1195 916 1281 οὐδαμοῦ
944 1193 1077 1279 ἡμέρα.
1108 1189 1201 1259 ὅθεν
1222 1191 1389 1261 όδύνατον
1418 1202 1453 1260 ἐν

392 1314 513 1392 γενέσει
536 1304 619 1374 εἶναι
641 1305 679 1373 τό
702 1305 848 1391 ἀγαθόν,
872 1312 907 1371 ὲν
922 1303 1013 1390 μόνῳ
1036 1308 1070 1370 δὲ
1085 1307 1131 1388 τῷ
1146 1302 1321 1390 ὐγτννήτῳ.
1345 1302 1452 1390 ὥσπερ

393 1423 426 1485 δὲ
448 1422 607 1505 μετουσία
629 1415 762 1484 πάντων
785 1421 875 1502 ἐστὶν
898 1424 932 1483 ἐν
955 1419 994 1505 τῇ
1016 1413 1075 1507 ὐλῳ
1098 1417 1266 1500 δεδεμένη,
1289 1413 1452 1482 οῦτοι-καὶ
1472 1428 1488 1478 6

392 1533 452 1596 τοῦ
474 1529 623 1613 σἰγαθοῦ.
646 1534 764 1596 τοῦτον
788 1526 847 1593 τόν
869 1524 993 1612 τρόπον
1015 1525 1151 1611 ἀγαθός
1167 1527 1185 1592 ό
1200 1525 1332 1612 κόσμος,
1354 1524 1452 1594 καθα

393 1645 451 1706 καὶ
475 1636 575 1716 αὐτός
596 1638 707 1706 πάντα
730 1650 825 1718 ποιεῖ,
848 1637 892 1715 ὡς
907 1645 941 1706 ἐν
956 1641 1002 1722 τῷ
1017 1644 1107 1724 μέρει
1122 1644 1181 1705 τοῦ
1196 1649 1300 1704 ποιεῖν
1315 1635 1451 1722 ἀγαθός

394 1750 492 1818 εἶναι·
523 1759 558 1816 ἐν
587 1754 622 1817 δὲ
652 1762 720 1828 τοῖς
749 1746 862 1828 ὐίλλοις
890 1754 992 1816 πᾶσιν
1022 1749 1080 1816 οὐκ
1107 1745 1250 1836 ἀγαθός.
1285 1753 1356 1816 καὶ
1385 1748 1487 1836 γόρ9

392 1861 550 1944 παθητός
573 1866 719 1929 ἐστικαὶ
741 1857 872 1942 κινητός
895 1864 950 1927 καὶ
972 1863 1137 1942 παθητῶν
1159 1858 1305 1942 ποιητής.

345 1975 365 2041 3
460 1976 509 2040 Ἐν
538 1978 572 2040 δὲ
601 1979 647 2057 τῷ
676 1970 848 2061 ἀνθρώπῳ
876 1968 963 2037 κατοί
998 1971 1165 2060 σύγκρισιν
1194 1973 1253 2039 τοῦ
1280 1976 1382 2039 κακοῦ
1412 1969 1449 2040 τό

392 2085 531 2173 ἀγαθόν
561 2083 722 2151 τέτακται.
771 2079 811 2148 τό
844 2079 910 2172 γαρ
940 2080 985 2170 μὴ
1016 2087 1092 2150 λίαν
1120 2083 1223 2150 κακόν
1258 2082 1382 2150 ἐνθάδε
1412 2081 1449 2150 τό
1470 2093 1502 2144 12

391 2199 529 2283 ἀγαθόν
558 2205 641 2262 ἐστι·
673 2192 710 2261 τό
735 2197 768 2260 δὲ
791 2193 917 2260 ἐνθάδε
938 2190 1085 2279 οἰγαθόν
1113 2192 1232 2280 μόριον
1262 2198 1321 2262 τοῦ
1348 2199 1451 2262 κακοῦ

390 2310 429 2374 τό
444 2305 635 2394 -ὲλοίχιστον,
680 2304 846 2371 ἀδύνατον
875 2296 935 2371 οὖν
957 2301 1003 2370 τό
1018 2301 1156 2388 ἀγαθόν
1174 2306 1309 2373 ’ἐνθάδε
1337 2311 1449 2372 καθα-

391 2416 495 2504 ρεύειν
524 2420 583 2497 τῆς
611 2420 737 2492 κακίας.
794 2418 954 2482 κακοῦται
982 2411 1045 2500 γὰρ
1075 2416 1200 2484 ἐνθάδε
1228 2413 1266 2484 τό
1295 2417 1448 2503 ἀγαθόν·
1468 2428 1502 2477 15

391 2529 593 2617 κακοῦμενον
616 2529 651 2593 δὲ
675 2525 780 2592 οὐκέτι
802 2526 940 2611 ἀγαθόν
962 2534 1058 2612 μένει,
1081 2525 1128 2614 μὴ
1150 2541 1267 2616 μεῖναν
1290 2532 1325 2596 δὲ
1339 2525 1448 2614 ,κακόν

391 2646 525 2726 γίνεται.

432 2751 488 2817 Ἕν
521 2747 614 2836 μόνῳ
649 2748 716 2838 ἄρα
745 2753 792 2835 τῷ
821 2752 894 2836 θεῷ
923 2747 961 2818 τό
991 2748 1129 2838 ἀγαθόν
1159 2758 1260 2832 ἐστιν,
1298 2748 1319 2832 ἢ
1349 2748 1447 2827 αὐτός
1467 2758 1501 2809 18

463 2957 486 3009 l.
506 2954 643 3025 παθητῆς]
663 2955 756 3021 πάθος
774 2975 801 3008 τι
815 2955 878 3008 Patr.
951 2957 976 3008 3.
996 2958 1028 3010 τό
1047 2977 1097 3010 om.
1113 2960 1143 3008 A.
1216 2955 1240 3010 6.
1261 2953 1392 3026 δεδεμένη]
1413 2954 1448 3006 sic

462 3044 540 3107 Pam,
561 3046 685 3114 διδομένη
704 3041 802 3111 reliqui.
857 3043 881 3094 8.
902 3040 992 3096 πάντα
1014 3065 1065 3096 om.
1087 3043 1120 3106 B;
1138 3039 1170 3101 ὡς
1189 3061 1239 3092 om.
1260 3042 1312 3092 AB.
1362 3042 1401 3092 16.
1422 3043 1448 3092 δὲ

461 3130 530 3193 (ante
548 3125 660 3195 οῦκίτι)]
680 3129 715 3180 εἰσ
733 3129 808 3190 Pam,
826 3130 878 3198 γὰρ
897 3127 996 3196 reliqui.

391 3327 448 3398 ipsa
472 3326 609 3395 generatio
632 3325 723 3394 passio
748 3319 876 3394 quaedam
901 3327 950 3371 eat.
988 3318 1035 3372 uhi
1056 3335 1121 3372 vero
1145 3319 1250 3392 passio,
1274 3314 1348 3369 nullo
1366 3313 1446 3368 modo

390 3410 499 3472 bonum,
517 3406 563 3460 ubi
583 3425 647 3461 vero
665 3406 774 3469 bonum,
793 3401 869 3456 nullo
888 3400 1029 3455 ποδαποί
1047 3420 1098 3454 una
1117 3411 1160 3455 est
1178 3402 1276 3476 passio.
1313 3399 1359 3454 ubi
1377 3419 1446 3456 oam-

390 3512 443 3568 que
461 3489 529 3558 dieo,
548 3490 645 3546 nullibi
663 3508 728 3554 nox,
746 3489 793 3542 ubi
811 3505 875 3540 vero
895 3504 962 3551 nox,
981 3483 1077 3540 nullibi
1095 3484 1161 3544 dies.
1191 3485 1263 3542 unde
1280 3486 1447 3564 impossibile

390 3588 432 3633 est
455 3579 483 3632 in
505 3578 678 3652 generatione
700 3592 762 3627 esse
786 3572 898 3636 bonum,
921 3570 970 3626 aed
992 3573 1020 3626 in
1043 3569 1102 3626 solo
1125 3573 1252 3648 ingenito.
1288 3575 1360 3630 sicut
1382 3593 1445 3629 vem

390 3666 560 3742 participatio
580 3664 697 3718 omnium
716 3668 758 3713 est
776 3661 804 3713 in
822 3659 932 3722 materia
951 3657 1065 3734 illigata,
1084 3660 1124 3716 eie
1143 3669 1170 3715 et
1187 3661 1259 3716 boni.
1295 3660 1348 3717 hoc
1365 3659 1445 3716 modo

389 3749 505 3805 mundus
523 3759 566 3803 eat
584 3749 685 3811 bonus,
703 3754 790 3820 ‚prout
809 3747 912 3822 etipse
935 3748 1021 3800 omnia
1040 3743 1115 3812 facit,
1139 3757 1169 3802 ut
1188 3749 1215 3802 in
1237 3759 1314 3824 parte
1331 3747 1446 3804 faciendi

391 3836 477 3889 bonus
496 3835 539 3902 sit;
564 3844 590 3886 et
609 3835 635 3886 in
655 3830 716 3886 aliia
734 3833 857 3900 omnibus
879 3852 934 3887 non
953 3832 1048 3889 bonus.
1085 3836 1183 3893 etenim
1201 3835 1339 3913 passibilis
1358 3844 1446 3890 estet

389 3916 498 3976 mobilis
517 3929 543 3973 et
562 3917 731 3994 possibilium
748 3915 841 3974 factor.

442 4005 473 4058 ln
492 4004 599 4058 homine
617 4025 680 4060 vero
698 4025 748 4081 per
767 4007 990 4081 comparationem
1009 4006 1071 4062 mali
1090 4007 1189 4064 bonum
1208 4007 1353 4071 ordinatum
1385 4023 1445 4058 nam

391 4090 462 4166 quod
481 4109 534 4144 non
553 4083 632 4145 valde
654 4090 751 4146 malum
769 4091 814 4146 hie
831 4091 931 4156 bonum
950 4102 1003 4161 est;
1026 4093 1099 4168 quod
1122 4115 1186 4150 vero
1209 4092 1253 4147 hic
1276 4092 1375 4146 bonum
1393 4099 1443 4156 est,

390 4174 519 4253 particula
543 4176 605 4231 mali
625 4186 667 4232 est
684 4179 798 4232 minima.
835 4177 1004 4254 impossihile
1026 4199 1089 4253 ergo
1108 4189 1151 4234 est
1169 4179 1268 4232 bonum
1286 4175 1330 4236 hic
1348 4195 1444 4251 purum

390 4281 451 4333 esse
468 4283 482 4316 a
502 4261 608 4337 mali-tia.
638 4283 699 4318 nam
717 4262 762 4318 hio
779 4263 900 4320 maleaeit
917 4265 1029 4332 bonum;
1046 4263 1148 4332 ¹malum
1168 4273 1253 4318 autem
1273 4261 1370 4318 factum
1389 4282 1443 4317 non

389 4347 503 4426 amplius
521 4349 621 4406 bonum
639 4359 735 4416 monet,
755 4370 808 4404 non
827 4371 936 4407 manens
954 4359 1041 4405 autem
1060 4348 1157 4404 malum
1176 4349 1215 4405 fit.

441 4435 469 4491 ln
488 4435 549 4492 solo
572 4457 636 4511 ergo
655 4435 707 4491 deo
726 4436 824 4491 bonum
842 4447 899 4504 eat,
923 4435 966 4491 vel
984 4447 1027 4492 est
1046 4435 1112 4490 deuo
1134 4439 1191 4512 ipso
1210 4437 1316 4494 bonum.
1354 4435 1440 4492 solum
