3517 5434
310 735 364 784 cap.
384 715 408 764 5.
698 709 883 781 φανερότατός
901 681 978 764 ἐστόν.
1331 709 1364 761 t?

310 868 435 945 novatio
465 863 631 950 σώματος·
655 864 749 931 οὐδὲν
771 871 860 931 ἐστιν
883 859 902 930 3
926 856 1023 940 οὗτος
1042 861 1101 928 οὐκ
1122 864 1218 929 ἔστιν.
1255 860 1365 928 πάντα

310 974 374 1065 γὰρ
389 975 493 1063 μόνος
507 968 605 1054 οὗτός
618 983 696 1043 lota
725 980 782 1044 καὶ
797 973 853 1042 διὰ
867 977 965 1041 τοῦτο
981 971 1131 1059 ὀνόματα
1146 976 1209 1060 ἔχει
1223 969 1365 1052 ἅπαντα,

277 1087 363 1157 δὸτι
385 1087 432 1166 εἷς
453 1090 522 1154 ἐστὶ
544 1084 670 1176 πατήρ·
692 1091 747 1156 καὶ
771 1083 826 1154 διό
848 1091 946 1154 τοῦτο
970 1080 1070 1164 αὐτός
1092 1080 1200 1171 ὄνομα
1215 1083 1273 1152 οὐκ
1295 1087 1366 1170 ἔχει,

312 1197 364 1266 ὅτι
386 1196 520 1267 πόντων
542 1203 611 1266 ἐστὶ
633 1196 752 1287 πατήρ.
790 1203 840 1276 τίς
863 1188 923 1264 οὖν
945 1221 981 1264 σε
1004 1195 1180 1280 εὐλογῆσαι
1201 1196 1282 1284 ὑπέρ
1306 1218 1366 1262 σον

311 1306 334 1392 ἢ
354 1307 438 1400 πρός
461 1334 497 1377 σε
520 1309 673 1395 δόναιτος
694 1315 760 1378 ποῦ
774 1314 809 1378 δὲ
823 1314 880 1377 καὶ
893 1312 1023 1395 βλέπων
1039 1306 1204 1393 εὐλογήσω
1220 1330 1265 1386 σε,
1288 1302 1365 1386 ἅνω,

276 1418 414 1500 6κότω,
437 1415 614 1504 ἔσω,“ἔξω;
643 1423 685 1490 οὐ
704 1417 768 1509 yolo
791 1419 926 1509 τρόπος,
950 1419 989 1486 οὐ
1011 1417 1112 1496 τόπος
1135 1423 1204 1485 ἐστὶ
1225 1423 1299 1506 περὶ
1322 1423 1366 1499 σέ,

312 1531 388 1598 οὐδὲ
417 1528 500 1598 ἄλλο
530 1532 625 1599 οὐδὲν
653 1537 719 1599 τοῖν
748 1529 866 1599 όντων·
897 1529 1007 1598 πάντα
1037 1533 1070 1597 δὲ
1099 1535 1133 1596 ἕν
1161 1553 1228 1610 σοι,
1256 1527 1367 1596 πάντα

312 1639 379 1710 ἀπό
402 1646 478 1724 σοῦ,
506 1641 617 1710 πάντα
640 1647 737 1723 δίδως
757 1647 815 1712 καὶ
837 1643 932 1712 οὐδὲν
954 1639 1147 1728 λαμβάνεις,
1169 1639 1281 1708 πάντα
1302 1636 1366 1728 γὰρ

277 1758 393 1842 θ’έχας
415 1759 471 1820 καὶ
494 1754 588 1822 οὐδὲν
612 1751 630 1821 3
654 1754 713 1822 οὐκ
735 1759 823 1841 ἔχεις.

378 1863 470 1931 Πότε
482 1867 516 1930 δέ
533 1888 577 1945 σε,
588 1863 701 1952 πάτερ,
712 1847 859 1949 ὑμνήσω
876 1861 950 1932 οὕτε
965 1860 1029 1952 μόρ
1041 1861 1130 1954 ὥραν
1142 1885 1202 1931 σου
1214 1859 1287 1930 οὔτε
1295 1861 1372 1951 χρό-
1395 1865 1433 1932 11

311 1998 373 2042 νον
382 1977 585 2060 καταλαβεῖν
595 1973 752 2043 ὃννατόν·
768 1975 846 2065 ὑπὲρ
858 1980 947 2054 τίνος
958 1978 992 2042 δὲ
1004 1979 1060 2042 καὶ
1070 1973 1220 2061 ὑμνήσω,Ι
1230 1974 1310 2062 ὑπὲρ
1323 1968 1368 2042 ὧν

262 2095 295 2150 12
314 2091 472 2168 ἐποίησας
487 2074 511 2168 ἢ
525 2087 603 2177 ὑπὲρ
619 2081 665 2154 ὧν
680 2087 738 2154 οόκ
753 2092 933 2170 ἐποίησαςμ
950 2086 1029 2174 ὑπὲρ
1051 2079 1097 2152 ὧν
1118 2091 1332 2174 ἑφανέρωσας
1352 2074 1375 2166 ἢ

311 2196 392 2283 ὑπὲρ
405 2188 451 2262 όν
462 2202 625 2290 ἕκμνψαςς
643 2195 698 2266 daal
709 2203 742 2264 τί
756 2201 790 2265 δὲ
806 2203 860 2266 καὶ
876 2195 1010 2284 ὑμνήσω
1027 2221 1079 2280 σος
1095 2197 1138 2276 ὡς
1153 2201 1296 2282 ἐμαυτοῦ
1306 2191 1368 2280 όν;

314 2307 356 2386 ὡς
371 2312 452 2394 ἔχων
474 2335 506 2375 τι
527 2309 632 2394 λ’διον,·
655 2309 698 2388 ὡς
713 2306 814 2388 ἄλλος
829 2306 891 2394 όνς
915 2305 956 2378 οὐ
977 2307 1041 2400 μόρ
1057 2305 1118 2376 sl3
1135 2304 1177 2376 όὶν
1193 2300 1226 2388 ὦ,
1250 2304 1290 2375 oa)
1306 2303 1368 2374 οἷό

264 2434 296 2484 15
314 2415 357 2486 ἂν
379 2422 479 2500 ποιῶ,
508 2416 551 2487 οὺ
572 2420 602 2488 εἴ
623 2417 642 2487 3
665 2415 709 2488 όν
730 2425 821 2506 λέγω.
867 2418 909 2490 σὺ
929 2417 994 2508 γαρ
1017 2417 1127 2488 πάντα
1151 2419 1185 2499 εἴ,
1207 2423 1263 2488 καὶ
1286 2415 1369 2486 ἄλλο

315 2529 410 2597 οὐδέν
432 2537 522 2599 ἐστιν
544 2529 564 2599 3
586 2529 633 2619 μὴ
657 2529 692 2599 εἶ.
727 2528 769 2599 σὺ
790 2530 820 2599 εἶ
838 2538 907 2600 πᾶν
928 2529 967 2599 τό
990 2529 1175 2620 γενόμενον,
1199 2525 1240 2598 σὺ
1261 2526 1299 2596 τό
1322 2525 1369 2614 μὴ

385 2767 410 2820 l.
429 2768 530 2826 παντὸς
553 2765 687 2836 σόματος]
713 2789 745 2818 an
768 2766 997 2840 παντοσόματοςλ
1021 2767 1159 2822 Velsenius.
1233 2766 1259 2819 2.
1276 2765 1368 2838 μόνος]

383 2842 419 2903 sid
436 2853 513 2915 Patr„
530 2856 587 2904 lova
605 2855 650 2903 καὶ
669 2854 714 2903 ΑΒ
734 2854 824 2916 Tum„
841 2851 862 2906 ἃ
880 2860 937 2907 lota
954 2858 1000 2908 καὶ
1016 2856 1098 2906 Fluss.
1119 2849 1132 2920 ΙΙ
1175 2866 1231 2903 ante
1248 2848 1371 2920 όνόματα

384 2939 441 2989 edd.
459 2937 516 2988 add.
535 2933 625 2994 αὐτὸς.
690 2937 716 2988 3.
736 2932 772 2996 εἷς
790 2953 814 2988 et
832 2935 932 3008 novio]
952 2939 987 2989 sic
1005 2941 1079 3001 Patr„
1098 2939 1152 2996 ἑνὸς
1170 2952 1193 2988 et
1212 2935 1313 3008 πατρός
1330 2957 1370 2987 re-

382 3022 456 3092 liqui.
545 3022 570 3073 5.
590 3020 698 3074 δύναιτο
717 3023 844 3075 om.AB.
864 3018 879 3090 ΙΙ
921 3027 966 3075 καὶ
984 3043 1034 3074 om.
1053 3024 1120 3074 Patr.
1212 3021 1369 3094 λλλπότερ]

384 3110 419 3161 sio
436 3109 514 3173 Palu,
531 3130 582 3161 om.
600 3109 699 3178 reliqui.
777 3108 818 3160 14.
838 3105 855 3162 3
874 3105 908 3160 όν
927 3101 958 3175 ό]
979 3105 994 3163 3
1013 3110 1056 3164 ἰόν
1075 3101 1094 3163 oi
1112 3109 1179 3160 libri.
1252 3108 1293 3160 lb,
1312 3106 1368 3175 καὶ]

385 3197 417 3248 τό
436 3198 458 3246 Α
477 3196 557 3247 Turn.
613 3194 654 3248 16.
673 3186 830 3266 όμῆεἶῙό
846 3195 885 3266 μή
905 3199 959 3249 ἴση
978 3196 1008 3248 B.
1029 3191 1043 3266 ΙΙ
1080 3187 1105 3250 si
1121 3209 1177 3247 ante
1196 3191 1249 3248 πᾶν
1267 3215 1317 3246 um.
1338 3196 1369 3246 Α.

316 3403 376 3478 quia
389 3420 457 3458 unus
467 3410 510 3457 ost
522 3410 610 3478 potul-3
628 3411 656 3457 et
669 3400 938 3478 obhooipsenomou
949 3399 1101 3470 nonhabet,
1120 3401 1244 3476 quoniam
1254 3401 1370 3456 omnium

315 3501 357 3546 est
376 3499 458 3566 pater.
486 3489 547 3564 quis
560 3489 640 3563 igitur
652 3497 679 3542 te
691 3487 725 3543 do
737 3498 766 3543 te
778 3487 869 3544 autad
882 3497 909 3542 te
922 3485 1081 3544 benedicere
1095 3487 1192 3563 queat?
1205 3507 1319 3562 quonam
1332 3507 1371 3542 rs-

316 3579 433 3654 spioiens
446 3574 560 3630 laudabo
574 3583 609 3640 te,
622 3594 738 3641 sursum,
751 3572 886 3641 deorsum,
906 3575 984 3642 intra,
1004 3575 1096 3630 extra?
1115 3593 1169 3628 non
1182 3575 1252 3629 enim
1264 3571 1369 3638 modus,

316 3682 370 3716 uon
387 3661 465 3715 locus
485 3669 527 3714 est
545 3662 616 3715 circa
633 3671 674 3727 ts,
698 3680 786 3734 neque
804 3659 875 3714 aliud
894 3661 994 3718 entium
1013 3659 1172 3735 quidquam
1196 3659 1282 3714 omnia
1305 3677 1369 3712 vero

315 3749 343 3802 in
362 3755 397 3812 te,
417 3747 504 3800 omnia
523 3766 537 3800 a
555 3755 591 3810 te,
610 3747 698 3799 omnia
716 3743 764 3800 das
784 3754 811 3799 et
828 3743 896 3799 nihil
915 3747 1028 3821 accipis,
1049 3747 1135 3801 omnia
1154 3745 1224 3799 enim
1242 3743 1324 3799 habes
1343 3753 1371 3798 et

315 3831 383 3886 nihil
402 3829 475 3906 quod
494 3849 547 3884 uon
565 3829 655 3884 babos.

369 3915 485 3990 Quando
503 3934 583 3982 vero,
602 3934 618 3969 ο
637 3923 725 3990 pater,
744 3922 772 3968 te
789 3912 921 3968 laudabo?
945 3935 1031 3990 neque
1049 3918 1119 3971 enim
1137 3916 1204 3971 hora
1221 3927 1265 3972 tua
1284 3935 1370 3990 neque

315 4013 420 4079 tempus
445 3999 636 4078 comprehendi
659 4010 763 4078 potest3
792 3998 826 4054 da
850 4019 904 4076 quo
933 4001 1011 4054 etiam
1034 4011 1061 4056 te
1083 4000 1214 4056 laudabo?
1245 4001 1279 4057 de
1301 4003 1370 4056 iisne

317 4109 383 4164 quae
407 4087 509 4155 iecisti,
533 4086 577 4143 vel
596 4086 629 4142 de
647 4089 682 4142 iis
701 4107 768 4162 quae
786 4106 841 4140 non
859 4085 965 4141 iecisti?
993 4085 1026 4141 ds
1044 4089 1078 4141 iis
1102 4106 1170 4161 quae
1187 4087 1369 4153 manifestasti,

316 4173 361 4230 vol
379 4174 413 4229 de
431 4177 465 4230 iis
483 4194 551 4250 quae
569 4171 753 4229 abscondisti?
780 4172 830 4228 sed
850 4193 899 4228 cur
922 4181 949 4228 to
967 4171 1100 4230 laudabo?
1135 4182 1301 4248 tamquamue
1320 4173 1370 4226 mei

316 4260 383 4313 sim?
418 4270 551 4335 tamquam
574 4259 675 4316 habeus
697 4259 801 4335 aliquid
823 4261 979 4336 proprium?
1014 4258 1059 4314 vel
1087 4269 1116 4314 ut
1138 4257 1207 4314 alius
1235 4260 1301 4312 sim?
1339 4266 1369 4312 tu

317 4345 387 4398 euim
406 4364 435 4399 es
458 4345 532 4419 quod
555 4365 627 4414 sum,
650 4356 680 4403 tu
697 4367 727 4402 es
746 4345 818 4423 quod
841 4345 924 4412 isoio,
947 4355 977 4402 tu
1000 4365 1029 4402 as
1053 4343 1124 4421 qnod
1147 4344 1215 4400 dico.
1253 4353 1282 4398 tu
1301 4343 1369 4396 enim

317 4431 404 4486 omnia
422 4449 465 4495 os,
488 4449 577 4504 nequa
593 4431 738 4506 quidquam
754 4431 828 4488 aliod
846 4442 889 4488 est
907 4431 980 4507 quod
998 4451 1052 4488 non
1071 4433 1110 4488 sis
1127 4439 1165 4486 tu.
1196 4437 1226 4484 tu
1244 4449 1273 4484 es
1293 4446 1370 4482 omne
