3517 5434
332 669 357 726 B
373 667 460 724 4-0.
865 658 906 718 28

331 821 390 905 γὰρ
420 826 474 904 τῆς
500 821 695 904 ἀνθρωπίνης
724 823 835 907 ἀρετῆς
861 823 1010 908 ὑπάρχει·
1033 821 1087 908 κάν
1111 825 1227 894 δίκαιος
1248 825 1449 908 δὲ’καλήται,
1477 807 1486 822 ’

333 918 463 1002 ἑτέρως·
494 919 532 982 ού
561 917 618 1001 γάρ
648 922 692 986 ῶς
711 920 833 1002 ἡμεῖς),
866 921 1030 1004 ἅνθρωπος
1047 922 1082 986 δὲ
1105 922 1177 985 ὅσον
1201 921 1366 1007 ἄνθρωπος
1382 927 1450 992 πῶς

332 1014 369 1080 ἀν
389 1015 508 1098 γένοιτο
531 1015 649 1098 ἀγαθδτ
668 1020 829 1100 ζητοῦμεν.
862 1019 983 1104 ἑκάστῳ
1001 1018 1058 1103 γὰρ
1075 1024 1134 1083 τῶν
1152 1019 1320 1104 γινομένων
1336 1019 1447 1105 μέτρον

331 1114 458 1197 ὥρισται
480 1113 605 1198 φύσεως
634 1112 710 1198 ὅπερ
738 1115 908 1201 ὑπερβῆναι
933 1117 987 1200 μὲν
1008 1115 1169 1193 ἀδύνατον,
1191 1120 1225 1180 τὸ
1249 1118 1351 1201 δὲμὴ
1375 1119 1447 1181 ύπο-

297 1211 498 1294 5λειφθῆναι
526 1209 650 1293 ἐνιελής
674 1211 781 1296 ἀρετή.
830 1213 861 1275 τί
886 1213 984 1276 τοίνυν
1008 1215 1164 1299 ἀνθρώπῳ
1188 1212 1297 1297 μέτρον
1319 1215 1448 1299 ὥρισται

312 1308 408 1388 ’πρὸς
430 1308 541 1392 ἀρετήν
569 1308 620 1371 καὶ
642 1309 718 1391 πρὸς
746 1310 779 1372 τδ
801 1307 948 1391 γενέσθαι
968 1309 1102 1392 ἀγαθύνς
1134 1309 1320 1395 σωφροσύνη
1343 1312 1448 1376 τεκαὶ

332 1403 509 1487 δικαιοσύνη
539 1407 591 1469 καλ
616 1405 726 1470 τάλλα.
775 1404 939 1489 ἄνθρωπον
974 1406 1032 1491 γὰρ
1067 1408 1142 1493 ὑπὲρ
1175 1413 1270 1472 ταῦτα
1303 1408 1448 1491 γενέσθαι

332 1500 450 1582 ἀγαθὸν
473 1499 634 1566 ἀδύνατον.
676 1503 705 1566 εἰ
724 1504 798 1585 δὲή
823 1504 1009 1588 σωφροσύνη
1033 1504 1191 1589 ἐγκράτειά
1213 1505 1291 1568 ἐστιν
1314 1507 1445 1590 ἡδονῶν,

332 1600 383 1663 δεῖ
401 1603 461 1661 τῶν
490 1603 544 1682 τῆς
565 1599 768 1684 σωφροσύνης
795 1600 938 1664 ἐναντίων
968 1601 999 1664 ἐν
1025 1602 1149 1686 ἐξουσίᾳ
1169 1603 1342 1688 τυγχάνειν,
1372 1601 1442 1666 καθ’

281 1708 316 1761 10
334 1697 418 1780 ῶνή
450 1696 627 1781 ἐγκράτεια,
658 1697 862 1782 σωφροσύνης
892 1696 992 1782 ὄνομα
1019 1722 1052 1764 τε
1075 1700 1126 1764 καὶ
1149 1696 1248 1783 ἔργον.
1290 1701 1380 1764 τὸδὲ
1403 1700 1444 1784 μὴ

331 1793 409 1856 εἶναι
440 1793 473 1856 έν
499 1793 623 1878 ἐξουσίη
652 1798 712 1856 τῶν
740 1796 861 1877 ήδονῶν
901 1795 1038 1882 ἄντικρυς
1073 1795 1210 1880 στέρησιν
1242 1797 1446 1882 σωφροσύνης

330 1895 423 1967 ποιεῖ,
465 1892 690 1976 παραπλησίως
716 1893 752 1956 δὲ
780 1891 848 1977 ἔχει
870 1893 1047 1979 δικαιοσύνη
1067 1895 1118 1958 καὶ
1142 1893 1251 1958 τάλλα.
1296 1895 1324 1958 εί
1350 1893 1385 1958 δέ
1403 1916 1446 1962 τις

330 1986 483 2069 ἀντιλέγοι
511 1993 554 2057 ῶς
575 1987 645 2052 δέον
664 1989 747 2071 ἡμᾶς
769 1986 986 2059 ἀνεπιδέκτους
1009 1991 1087 2056 εἶναι
1111 1997 1171 2056 τῶν
1196 1992 1338 2055 ἐναντίων
1359 1989 1445 2072 (ἀκο·

330 2085 438 2153 λασίας
457 2109 491 2148 τε
511 2086 561 2150 καὶ
586 2086 717 2167 ἀδικίας)
745 2088 850 2170 ὥσπερ
872 2089 888 2151 ὁ
912 2087 1002 2165 θεός,
1024 2089 1115 2154 οὐδὲν
1139 2088 1242 2173 ἕτερον
1267 2090 1283 2154 δ
1308 2092 1447 2156 τοιοῦτος

280 2194 314 2248 1⁸
330 2180 415 2263 λέγει
433 2182 453 2265 ή
475 2187 518 2251 ῶς
540 2181 613 2246 δέον
633 2182 712 2246 εἶναι
733 2185 815 2267 ημᾶς
838 2185 896 2248 ούκ
907 2183 1108 2269 ἀνθρώπους·
1130 2188 1234 2270 ῶσπερ
1249 2185 1284 2250 ἀν
1300 2207 1344 2254 τις
1357 2185 1445 2248 ἀετὸν

330 2277 395 2341 ἀνω
416 2301 477 2342 που
499 2280 630 2363 θεωρῶν
653 2282 771 2366 ὑψηλὸν
795 2283 957 2364 ίπτάμενον
982 2281 1166 2367 ἀγανακτοίη
1192 2282 1269 2348 κατὰ
1282 2287 1335 2366 τῆς
1351 2281 1445 2346 ίππου

331 2375 457 2458 φύσεως
479 2376 531 2438 καὶ
547 2384 663 2461 πικρῶς
681 2379 800 2450 κακίζοι
821 2378 934 2462 ταύτην
956 2383 999 2447 ῶς
1023 2381 1064 2464 μὴ
1088 2380 1306 2465 παραπλησίαν
1329 2385 1368 2464 πή
1389 2385 1444 2444 τοῦ

330 2469 442 2548 ἀετοῦ,
476 2473 547 2536 δέον
574 2475 664 2539 ἵππον
693 2479 736 2546 ῶς
761 2478 838 2561 πρὸς
865 2475 959 2540 ίππου
993 2477 1081 2562 φύσιν
1105 2475 1267 2548 ἐξετάζειν.
1326 2477 1356 2550 5,
1397 2477 1446 2541 ἀν-

229 2565 234 2570 ’
330 2570 456 2654 θρωπον
486 2571 534 2654 δἠ-
554 2573 721 2656 πεποίηκεν
750 2577 766 2638 ύ
798 2575 870 2642 θεὸς
896 2574 946 2636 τδν
972 2573 1147 2658 ἄνθρωπον,
1171 2576 1273 2660 ψυχήν
1299 2577 1336 2660 δή
1364 2574 1442 2660 μετὰ
1537 2617 1541 2622 -

278 2681 314 2736 w
332 2670 491 2752 σώματος·
522 2673 695 2754 σωματικδς
722 2673 779 2755 γάρ
810 2671 889 2734 ἐστιν
912 2671 1043 2757 οἰκήτωρ
1067 2670 1197 2756 κύσμου.
1238 2672 1327 2742 οὗτος
1347 2672 1446 2735 τοίνυν

330 2765 384 2830 έάν
406 2765 531 2849 γένηται
550 2764 665 2847 ἀγαθὸς
691 2768 763 2834 ὅσον
785 2772 887 2854 χωρεῖ
914 2769 1079 2854 ἀνθρώπου
1105 2768 1204 2854 φύσις,
1225 2769 1389 2854 εὐδόκιμος
1410 2767 1446 2832 ἀν

329 2863 484 2950 εὑρεθείη.
529 2868 595 2933 πῶς
615 2864 652 2930 ἀν
674 2865 728 2930 ούν
751 2865 869 2949 γένοιτο
895 2866 1058 2952 ἅνθρωπος
1080 2865 1199 2952 ἀγαθὸς
1223 2866 1378 2952 ζητητέον,
1419 2867 1447 2929 εί

328 2961 494 3045 πεποίηκεν
519 2960 622 3025 αύτύν.
662 2963 775 3028 οὐκοῦν
797 2963 962 3050 ἄνθρωπος
980 2963 1098 3047 γένοιτο
1121 2962 1247 3045 ἀγαθός,
1270 2965 1297 3026 εἰ
1311 2965 1445 3046 σύφρων

329 3059 377 3142 εἴη
398 3059 450 3122 καὶ
475 3057 599 3128 δίκαιος.
646 3062 674 3124 εἰ
701 3061 759 3146 γὰρ
781 3060 879 3126 ἔνεστι
904 3062 1014 3148 βελτίω
1039 3059 1151 3144 τρύπον
1176 3058 1340 3141 ἄνθρωπον
1364 3057 1445 3138 γενέ-

277 3169 314 3226 oe
332 3157 405 3220 σθαι
424 3154 552 3238 ἀγαθάν,
574 3157 724 3232 αἰτιατέον
744 3161 796 3223 τδν
819 3159 1088 3242 δημιουργήσαντα
1108 3155 1154 3218 ύτι
1177 3156 1217 3237 μὴ
1239 3154 1304 3216 κατ’
1328 3153 1444 3215 ἐκεῖνον

330 3253 468 3322 ἀνέδειξε
486 3256 539 3318 τὸν
557 3253 721 3339 ἄνθρωπον
745 3256 873 3339 ἀγαθόν.
915 3257 943 3318 εί
965 3254 1000 3316 δὲ
1021 3253 1093 3315 ὅσον
1118 3251 1149 3314 ἐν
1171 3250 1338 3334 ἀνθριύπου
1355 3246 1446 3332 φύσει

329 3352 421 3416 οὐδὲν
445 3350 563 3437 βέλτιον
580 3352 732 3416 ἐπιδέοιτο
746 3352 782 3418 ἀν
797 3352 961 3436 ἀνθρωττοι
974 3345 1177 3432 σωφροσύνης
1187 3347 1237 3410 καὶ
1257 3350 1316 3410 τῶν
1329 3346 1444 3426 ἀλλων,

330 3448 486 3533 ζητητέον,
507 3452 575 3517 πῶς
598 3448 687 3518 αὖθις
719 3449 846 3512 δυνατόν
865 3470 901 3530 γε
923 3445 1086 3528 ἄνθρωπον
1111 3445 1259 3529 σώφρονά
1279 3466 1311 3508 τε
1334 3445 1385 3508 καὶ
1404 3443 1444 3508 δί-

329 3569 415 3608 καιον
441 3546 528 3611 εἶναι.
571 3545 716 3630 βούλεται
737 3545 795 3628 γὰρ
824 3550 920 3608 ταῦτα
948 3541 1026 3604 εἶναι
1050 3539 1142 3604 αὐτὸν
1167 3543 1182 3606 δ
1205 3543 1444 3627 δημιουργήσας.

276 3657 314 3723 ξω
331 3643 443 3707 ούκοῶν
465 3642 651 3729 σωφροσύνη
679 3642 751 3726 δίχα
777 3645 832 3723 τής
855 3645 910 3704 τοῦ
942 3637 1078 3702 ἐναντίου
1101 3639 1306 3724 παραθέσεως
1328 3641 1385 3704 οὐκ
1409 3639 1444 3704 ἀν

199 3813 207 3826 .
327 3739 464 3823 γίνοιτο,
492 3740 607 3822 ὁμοίως
631 3739 740 3802 δὲκαὶ
764 3735 960 3822 δικαιοσύνη·
1002 3737 1030 3800 εί
1053 3737 1088 3802 δὲ
1109 3738 1161 3822 μή,
1185 3737 1242 3802 οὐκ
1262 3736 1297 3801 ἀν
1314 3736 1362 3822 εἴη
1387 3761 1444 3802 σω·

330 3836 468 3921 φροσύνη
490 3836 561 3900 οὔτε
581 3835 770 3920 δικαιοσύνη.
815 3836 843 3898 εί
868 3835 963 3920 δὲμὴ
986 3833 1033 3919 εἴη
1057 3841 1165 3900 τοῦτον
1187 3837 1238 3901 τὸν
1257 3833 1368 3920 τρόπον
1396 3837 1444 3898 δυ-

328 3937 417 3998 νατὸν
439 3933 584 4016 γενέσθαι
607 3931 723 3998 δίκαιύν
750 3935 857 3998 τεκαὶ
881 3937 1038 4018 σώφρονα,
1062 3933 1119 3998 οὐκ
1142 3932 1178 3996 ἀν
1202 3933 1306 4002 ἄλλως
1325 3932 1443 4015 γένοιτο

329 4030 494 4115 ἄνθρωπος
523 4029 640 4099 δίκαιύς
669 4053 702 4094 τε
729 4033 781 4096 καὶ
805 4035 940 4118 σώφρων
963 4032 1015 4096 καὶ
1039 4030 1108 4096 τότε
1135 4029 1274 4114 εὐλόγως
1293 4029 1328 4094 ἂν
1352 4033 1368 4094 ὁ
1393 4031 1444 4114 δη-

277 4141 312 4196 θδ
331 4130 476 4212 μιουργδτ
506 4128 689 4214 διαβληθείη
717 4130 764 4194 δτι
791 4133 941 4214 πεποίηκε
971 4129 1098 4192 δυνατὸν
1129 4127 1186 4192 ούκ
1216 4127 1295 4194 εἶναι
1322 4130 1373 4192 τδν
1395 4127 1443 4192 ἀν-

327 4223 454 4308 θρωπον
481 4225 627 4308 γενέσθαι
652 4225 790 4310 ἀγαθάν,
816 4228 898 4312 λέγω
929 4229 967 4312 δή
999 4226 1146 4310 σώφρονά
1174 4248 1207 4288 τε
1233 4227 1284 4290 καὶ
1316 4226 1444 4303 δίκαιον,

327 4320 401 4384 καθ’
437 4322 472 4386 ὃν
508 4323 687 4408 μόνον’καὶ
718 4326 866 4408 οὐδαμῶς
894 4323 997 4409 ἕτερόν
1027 4345 1094 4386 τινα
1124 4321 1236 4407 τρόπον
1266 4323 1444 4406 ε’ὐδοξήσειν

330 4417 445 4504 ἔμελλε
464 4424 517 4487 καλ
531 4422 614 4494 ἄξιός
626 4443 662 4506 γε
674 4426 728 4506 τῆς
738 4428 793 4486 τοῦ
805 4421 1010 4506 πεποιηκότος
1021 4421 1133 4506 σοφίας
1146 4417 1443 4506 ἀποδειχθήσεσθαι.

326 4515 359 4591 θ.
399 4520 427 4584 εί
453 4521 488 4586 δὲ
511 4519 650 4604 ἐπιμένοι
675 4520 692 4586 δ
719 4517 885 4603 ἀντιλέγων
913 4523 955 4589 ῶς
974 4518 1074 4605 Ιἐχρῆν
1104 4517 1195 4604 φύσει
1227 4518 1277 4582 καὶ
1299 4515 1336 4582 ού
1358 4513 1445 4600 πύνιρ
