3517 5434
311 760 365 810 esp.
384 739 409 791 l.
749 732 927 806 Ποιμάνθρης.
1331 734 1364 786 ll

313 898 424 970 ἔννους
444 886 563 958 ἑαυτὸν
586 884 668 956 ὄντα
690 886 869 956 ἀθάνατον
891 890 947 953 καὶ
969 884 1028 954 τὸν
1050 886 1158 954 αλτιον
1171 891 1231 954 τοῦ
1252 887 1367 955 θανά-

313 999 682 1095 τουὲρατα,,ρωματος,
703 1003 759 1065 καὶ
781 997 892 1065 πάντα
914 995 958 1064 τά
979 993 1068 1066 ὄντα.
1435 980 1516 1058 s

280 1131 295 1180 3
407 1120 514 1181 Τοῦτο
538 1109 688 1189 εἰπόντος
712 1109 731 1192 ἡ
753 1108 895 1199 πρόνοια
924 1105 980 1176 διά
1007 1112 1067 1190 τῆς
1095 1113 1292 1197 εἱμαρμένης
1314 1114 1369 1178 καὶ
1395 1110 1434 1178 19

313 1227 476 1313 ἁρμονίας
490 1222 551 1302 τάς
564 1223 666 1310 μίξεις
681 1218 859 1303 ἐποιήσατο
874 1224 930 1287 καὶ
951 1216 1012 1298 τάς
1025 1224 1164 1306 μενέσςις
1179 1225 1366 1302 κατέστησε.
1626 1201 1627 1284 l

313 1343 370 1404 καὶ
389 1334 593 1419 ἐπληθύνθη
608 1329 694 1401 κατά
708 1339 803 1419 γένος
824 1329 867 1400 τά
889 1331 1009 1400 πάντα.
1032 1334 1088 1397 καὶ
1103 1331 1122 1398 ὁ
1137 1329 1392 1420 άναχνῳρίσας,

279 1465 295 1515 6
313 1446 432 1519 ἑαυτὸν
455 1447 617 1531 ἐλήλυθεν
639 1453 684 1523 εἰς
705 1445 744 1512 τὸ
758 1443 947 1533 περιούσιον
969 1440 1115 1530 ἀγαθόν,
1138 1441 1157 1510 ὁ
1180 1445 1216 1508 δὲ
1237 1441 1369 1528 ἀγαπή-

314 1587 377 1640 σας
397 1558 436 1628 τὸ
459 1567 495 1628 ἐκ
515 1555 642 1639 τιλάνης
664 1560 785 1643 ἔρωτος
807 1559 912 1643 σῶμα,
936 1548 1032 1634 οὗτος
1053 1561 1143 1642 μένει
1164 1561 1200 1620 ἐν
1221 1557 1268 1639 τῷ
1291 1552 1368 1622 σκό-

314 1699 362 1740 τει
383 1670 603 1757 πλανώμενος,
626 1672 799 1749 αἰσθητῶς
819 1667 956 1756 πάσχων
978 1663 1020 1734 τά
1043 1671 1103 1734 τοῦ
1124 1663 1290 1733 θανάτου.
1328 1669 1369 1732 Τι’
1391 1674 1434 1742 20

280 1790 476 1852 9τοσοῦτον
502 1779 766 1869 ἁμαρτάνουσιν,
787 1783 874 1872 ἔφην
902 1778 978 1866 ἐμά,
1014 1784 1045 1845 οἱ
1073 1776 1286 1875 ἀγνοοῦντες,
1313 1782 1369 1846 ἴνα

316 1897 507 1981 στερηθῶσι
533 1896 593 1971 τῆς
615 1891 828 1972 ἀθανασίας,·
844 1887 984 1968 Ἔοικας,
1006 1895 1124 1980 φησίν,
1147 1880 1173 1953 ὦ
1196 1879 1299 1966 οὗτος,
1321 1883 1368 1974 μὴ

315 2006 566 2094 πεφροντικέναι
581 1993 626 2068 ὦν
640 1995 793 2081 ἤκουσας.
809 1999 868 2067 οὐκ
884 2005 968 2090 ἔφην
984 2023 1038 2067 σοι
1051 2009 1157 2084 νοεῖνς
1174 1997 1261 2079 Novi,
1277 2003 1369 2090 ἔφην,

265 2129 298 2180 12
314 2118 370 2180 καὶ
379 2109 620 2200 μιμνήσκομαι·
635 2109 814 2201 εὐχαριστῶ
828 2113 863 2178 δὲ
874 2107 946 2196 ἅμα
961 2114 1025 2177 ool.
1041 2115 1084 2178 El
1094 2109 1242 2192 ἐνόησας,
1257 2113 1369 2204 φησίν,

315 2229 382 2292 sini
403 2249 470 2312 μοι,
493 2218 547 2289 διά
569 2225 602 2289 τί
624 2219 713 2304 ἄξιοί
734 2230 796 2290 slot
818 2225 877 2289 τοῦ
892 2219 1049 2289 θανάτου
1071 2228 1101 2288 οἱ
1118 2230 1153 2289 λυ
1167 2226 1214 2308 τῷ
1228 2220 1371 2308 θανάτῳ

317 2333 416 2414 ὄντες.
434 2333 507 2401 Ὅτι
528 2340 791 2424 προκατέρχεται,
814 2339 910 2426 φημί,
932 2339 993 2401 τοῦ
1014 2339 1134 2402 ολκυίου
1157 2332 1308 2422 σώματος
1329 2330 1370 2402 τὸ

265 2467 298 2518 15
316 2441 457 2532 στυγνὰν
485 2444 616 2526 σκότος,
645 2445 680 2526 ἐξ
708 2439 749 2514 οὗ
776 2445 808 2527 ἡ·
826 2441 911 2532 ὑγρά
940 2443 1053 2535 φύσις,
1081 2446 1116 2526 ἐξ
1144 2438 1184 2526 ἧς
1211 2443 1251 2512 τὸ
1274 2449 1370 2532 σῶμα

388 2781 412 2832 l.
432 2781 446 2834 ὁ
465 2781 562 2848 ἔννους]
587 2779 651 2837 άῖιῆ
673 2781 703 2846 (i.
721 2804 743 2834 e.
762 2778 923 2855 ἄνθρωπος)
940 2783 973 2836 Β.
1043 2784 1069 2834 2.
1089 2780 1223 2853 σώματος]
1246 2781 1281 2834 sic
1304 2783 1369 2836 Patr.

388 2887 439 2918 om.
456 2867 557 2936 reliqui.
599 2867 624 2918 3.
643 2870 724 2919 τοῦτο
743 2889 794 2918 om.
813 2869 880 2919 Patr·
934 2868 959 2920 8.
978 2865 1017 2933 sl]
1037 2871 1082 2920 κοιλ
1099 2873 1127 2920 τί
1143 2869 1175 2919 Β.
1230 2867 1271 2920 10.
1290 2871 1371 2936 φησίν

388 2973 439 3004 om.
453 2954 475 3001 Α
490 2951 571 3003 Turn.
583 2953 662 3001 Fluss.
677 2947 690 3018 ΙΙ
708 2951 756 3021 μὴ]
770 2955 819 3003 τοῦ
830 2954 868 3020 μὴ
879 2954 902 3001 Α
914 2952 995 3002 Turn.
1005 2953 1085 3002 Fluss.
1124 2952 1165 3003 ll.
1178 2957 1240 3021 imm
1252 2953 1369 3018 alterum]
1457 2953 1460 2957 ⁴

388 3041 414 3091 tl
433 3038 499 3089 Patr.
522 3039 609 3089 om.A
629 3037 707 3087 Turn.
721 3037 802 3088 Fluss.
871 3034 911 3086 ΡΖ.
932 3033 988 3100 σοί]
1008 3033 1042 3085 sic
1054 3037 1118 3086 Patr.
1133 3055 1184 3086 om.
1202 3035 1301 3105 reliqui.
1338 3039 1370 3102 εἰ]

387 3128 432 3177 καὶ
450 3128 473 3177 εἰ
491 3123 522 3174 Β.
537 3119 551 3191 ΙΙ
579 3126 658 3192 φησίν
676 3144 727 3176 om.
748 3122 958 3174 ATurn.I⁴'luss.
996 3119 1037 3171 14.
1057 3123 1249 3192 προκατέχτται
1266 3119 1369 3192 Fluss.ll

387 3213 456 3282 φημί
473 3229 524 3262 om.
543 3209 612 3260 Patr.
688 3208 729 3261 15.
749 3199 791 3277 ἧς]
811 3207 845 3259 sic
863 3207 930 3260 Patr.
950 3201 982 3259 οὗ
1000 3205 1101 3276 reliqui.

316 3509 454 3587 praeditus
473 3531 504 3566 se
521 3512 610 3586 ipsum
621 3508 805 3576 immortalem,
825 3518 852 3564 et
865 3527 985 3564 caussam
999 3509 1094 3564 mortis
1109 3527 1224 3564 amorem
1238 3513 1370 3586 eorporis,

317 3606 344 3651 et
362 3598 448 3651 omnia
467 3597 547 3650 entia.
603 3611 610 3620 “
1102 3665 1107 3675 .

369 3680 428 3735 lloe
446 3701 505 3736 eum
524 3679 645 3746 dixisset,
662 3679 833 3757 providentio
845 3699 895 3756 per
907 3679 988 3735 sotum
1008 3688 1035 3734 et
1051 3677 1214 3736 harmoniam
1232 3683 1372 3743 mistiones

244 3762 246 3766 ⁸
317 3765 407 3821 effecit
423 3776 451 3820 et
469 3768 654 3841 generationes
672 3768 821 3821 constituit.
840 3775 868 3820 et
886 3764 1062 3842 multiplicata
1080 3775 1142 3821 sunt
1160 3768 1188 3821 in
1206 3787 1256 3824 suo
1275 3787 1371 3844 genere

318 3853 414 3906 omnis.
451 3862 480 3906 et
497 3853 544 3926 qui
561 3854 720 3926 recognovit
737 3871 767 3906 se
784 3853 874 3927 ipsum
897 3853 969 3906 venit
993 3855 1022 3908 in
1045 3852 1239 3930 superaffluens
1263 3855 1371 3924 bonum,

266 4001 273 4017 ·
318 3939 447 4013 quivero
470 3940 568 3993 amovit
584 3957 635 4015 per
651 3939 750 3992 amoris
772 3956 890 3992 errorem
916 3957 1029 4014 corpus,
1052 3941 1076 3994 is
1099 3949 1188 3994 monet
1206 3942 1234 3994 in
1252 3941 1372 3998 tenebris

318 4043 423 4091 errans,
445 4021 612 4080 sensibiliter
634 4026 787 4102 portienses
806 4033 957 4100 quaesunt
978 4027 1081 4081 mortis.
1118 4025 1193 4098 Quid
1212 4035 1314 4082 tantum
1333 4047 1372 4084 er·

317 4119 385 4176 rant,
403 4109 459 4166 (hri
478 4131 536 4187 ego,
555 4113 648 4188 igniri,
665 4121 696 4167 nt
713 4113 851 4188 priventur
868 4109 1084 4170 immortalitate?
1102 4109 1221 4178 Videris,
1240 4115 1336 4189 inquit,
1355 4135 1372 4170 o

317 4203 359 4256 tn,
382 4195 516 4255 sollicitos
535 4219 589 4254 non
607 4198 692 4254 luisse
709 4217 801 4254 eorum
820 4219 888 4275 qnae
906 4197 1013 4254 audisti.
1037 4217 1126 4254 nonne
1144 4197 1200 4253 dixi
1218 4199 1267 4254 tibi
1286 4209 1316 4254 ut
1333 4201 1372 4255 in·

317 4278 441 4354 telligosi
476 4283 613 4361 intelligo,
636 4288 758 4361 inquam,
777 4295 805 4340 et
822 4285 966 4350 recordor3
986 4293 1013 4339 et
1031 4283 1112 4340 simul
1129 4288 1227 4360 gratias
1246 4306 1294 4361 ogo
1313 4286 1370 4364 titi.

318 4365 349 4420 Si
366 4369 527 4443 percepisti,
546 4372 644 4445 inquit,
663 4371 708 4426 ‹lie
724 4371 801 4437 milri,
826 4391 874 4426 eur
892 4370 966 4446 digni
985 4380 1049 4426 sunt
1070 4381 1157 4428 morte
1176 4373 1268 4447 quiin
1286 4379 1372 4426 morte

218 4490 220 4494 v
317 4451 399 4507 sunt?
421 4451 555 4524 Quoniam
574 4458 657 4511 anteit
674 4459 813 4533 proprium
831 4477 930 4532 eorpus
949 4455 1070 4529 lugubris
1088 4457 1190 4522 umbro,
1210 4477 1243 4511 ex
1261 4477 1312 4530 qun
1330 4466 1373 4512 est
