3517 5434
144 854 150 927 »

144 974 148 1099 ί

145 1110 147 1241 ί

145 1488 147 1529 ί

144 1540 147 1569 '

878 677 918 736 ⁷2

338 842 395 907 ούκ
420 841 575 929 ἠγνόησαν
603 844 653 907 τδν
682 843 856 929 ίχνεύοντα·
892 841 968 926 αῦτη
998 841 1054 927 γὰρ
1080 842 1101 925 ή
1128 841 1226 906 ἱκεσία
1253 841 1354 906 αὐτῶν
1381 863 1456 926 μαρ·

337 944 425 1025 τυρεῖ
452 939 499 1003 ότι
526 939 654 1026 ήδεισαν
685 943 736 1006 τδν
766 940 936 1026 ίχνσύοντα.
979 941 1031 1004 καὶ
1061 939 1107 1003 ότι
1130 939 1184 1022 μέν
1207 937 1285 1024 ἦσαν
1308 937 1457 1008 εῦπαθεῖς

337 1040 389 1103 καὶ
411 1038 544 1123 παθητοὶ
567 1036 624 1101 οὐκ
642 1037 808 1124 ἠγνόησαν,
833 1037 880 1102 ότι
901 1039 936 1102 δὲ
956 1037 1072 1106 ἐκεῖνος
1089 1037 1126 1123 ήν
1142 1038 1158 1102 ό
1176 1036 1305 1122 ἰχνεύων
1323 1035 1456 1120 δκύριος

337 1139 389 1202 καί
412 1137 555 1224 βασιλεὺς
574 1141 635 1200 τῶν
656 1135 854 1220 πραγμάτων,
878 1136 1038 1220 φαίνονται
1059 1133 1109 1197 διὰ
1129 1138 1182 1217 τῆς
1204 1133 1317 1202 ἱκεσίας
1337 1132 1453 1197 ἐπιστά·

303 1243 436 1320 δμενοι.
479 1234 530 1297 καὶ
557 1236 654 1296 ταῦτα
680 1233 750 1316 περὶ
772 1231 927 1314 δαιμόνων
950 1232 1234 1315 κατεσκευάσαμεν,
1264 1229 1314 1293 ίνα
1337 1231 1452 1314 μηδέὁ

337 1333 407 1417 περί
431 1329 586 1415 δαιμόνων
610 1329 691 1413 ἀργή
713 1329 814 1411 λόγος.
850 1329 985 1414 ἐγχωρεῖ
1002 1329 1059 1415 γὰρ
1080 1329 1131 1392 καὶ
1148 1332 1243 1391 ταῦτα
1258 1327 1454 1412 προστιθέναι

339 1429 385 1493 ότι
406 1431 425 1513 ἡ
449 1428 538 1514 φύσις
559 1428 657 1510 ἐαυτή
676 1426 770 1509 όμοία
792 1427 855 1489 ἐστὶ
874 1428 926 1489 καὶ
947 1426 1092 1511 οὐδεμίαν
1115 1426 1265 1512 διαφορὰν
1287 1428 1364 1511 πρδς
1384 1427 1452 1489 ἑαυ-

337 1528 391 1610 τὴν
422 1524 497 1611 ἔχει.
545 1523 612 1587 ἰδού
643 1522 701 1605 γὰρ
732 1525 766 1587 τδ
793 1527 852 1608 πῦρ
884 1523 956 1586 ύλον
989 1524 1095 1607 όμοιον
1126 1524 1245 1610 ἑαυτῷ,
1278 1523 1338 1609 ούχ
1363 1524 1452 1608 ήττον

338 1624 451 1688 ἐαυτοῦ
476 1622 591 1706 θερμδν
611 1619 686 1683 ούδέ
710 1623 828 1704 μᾶλλον
849 1622 974 1702 ἑαυτοῦ,
995 1621 1031 1684 ού
1052 1622 1086 1685 τδ
1110 1623 1226 1706 μᾶλλον
1246 1623 1298 1684 καὶ
1316 1622 1350 1684 τὸ
1365 1621 1452 1705 ἧττον

291 1731 326 1791 10,
342 1720 419 1806 ἔχει.
466 1719 503 1803 ἐν
518 1718 575 1802 γὰρ
599 1721 665 1788 ταῖς
687 1718 798 1803 φύσεσι
820 1721 853 1783 τδ
879 1723 996 1804 μάλλον
1019 1721 1069 1784 καὶ
1088 1720 1121 1783 τὸ
1140 1718 1230 1803 ήττον
1253 1719 1353 1804 ἀργεῖ·
1375 1717 1451 1782 ὅπου

339 1819 510 1901 δὲμᾶλλον
531 1817 582 1880 καὶ
601 1816 703 1900 ήττον,
723 1815 825 1880 οὐκέτι
847 1817 947 1901 φύσις,
971 1817 1052 1881 ἀλλὰ
1073 1817 1285 1902 προαιρέσεως
1308 1815 1450 1884 ἐπίδοσις.

340 1915 368 1980 εί
393 1916 428 1978 δὲ
454 1913 622 2000 γέγραπται
648 1915 699 1977 καὶ
727 1915 796 1998 περὶ
825 1913 980 1998 δαιμόνων
1009 1915 1054 1978 ότι
1077 1915 1264 2000 ,ἀπέρχεται
1288 1914 1338 1977 καί
1358 1936 1453 1998 παρα·

338 2013 489 2100 λαμβάνει
517 2011 594 2075 ἑπτὰ
623 2011 714 2097 ἕτερα
741 2013 900 2096 πνεύματα
927 2013 1120 2098 πονηρότερα
1145 2013 1281 2076 ἑαυτοῦ“
1311 2013 1363 2076 καὶ
1386 2012 1452 2097 φαί-

337 2131 420 2174 νεται
444 2109 479 2174 ἐκ
499 2114 554 2173 τοῦ
578 2109 672 2193 λόγου
698 2111 849 2186 ἐπιδοσις,
879 2109 979 2174 ὅτιτὸ
1002 2113 1056 2195 μὲν
1077 2109 1228 2196 πονηρόν,
1252 2113 1285 2174 τδ
1308 2111 1342 2174 δὲ
1363 2132 1453 2194 πονη·

288 2219 322 2273 15
340 2209 476 2294 ρύτερον,
501 2208 637 2292 διαφορὰ
659 2209 817 2293 πονηρίας,
839 2212 899 2271 ποῦ
914 2207 959 2287 ἔτιΙ
977 2208 1066 2294 φύσις
1083 2210 1123 2293 μὴ
1142 2208 1221 2272 ούσα
1235 2209 1328 2292 ὁμοία
1342 2209 1453 2293 ἐαυτής

339 2307 490 2389 διαφοράς
511 2305 542 2368 ἐν
567 2307 699 2390 πονηρίᾳ
721 2305 940 2390 εύρισκομένης
963 2307 1087 2390 καὶτῆς
1110 2308 1262 2391 διαφορᾶς
1286 2305 1453 2390 μαρτυρού-

338 2425 393 2486 σης
418 2407 457 2486 τή
489 2401 669 2486 προαιρέσει
697 2402 748 2464 καὶ
777 2402 818 2484 μή
842 2407 882 2485 τῇ
905 2402 1005 2487 φύσει.
1055 2403 1122 2472 ἅλις
1145 2404 1199 2487 μὲν
1223 2408 1283 2466 τῶν
1306 2403 1453 2468 τοιούτων

337 2499 449 2582 λόγων,
472 2499 718 2584 ἐπιχειρήσωμεν
743 2500 778 2562 δέ
800 2501 851 2564 καὶ
870 2500 923 2582 τήν
947 2501 1131 2583 μυθοποιίαν
1149 2499 1248 2564 αὐτῶν
1263 2503 1315 2585 τὴν
1329 2502 1452 2584 πρώτην

338 2596 582 2680 ὑφηγησάμενοι,
609 2598 673 2663 τοῖς
702 2595 975 2666 ἀνασκευαστικοῖς
1001 2599 1179 2684 χρήσασθαι
1200 2597 1312 2682 λόγοις.
1352 2599 1453 2675 κακία,

286 2703 322 2759 m
340 2692 442 2777 φησίν,
462 2692 499 2778 ήν
521 2693 573 2756 καὶ
593 2691 739 2777 ἀγένητος
760 2693 812 2779 ἦν·
832 2694 869 2781 ήν
895 2695 929 2759 δὲ
952 2695 1003 2758 καὶ
1023 2697 1039 2758 ύ
1060 2697 1133 2766 θεὸς
1154 2697 1271 2778 ἀγαθὸς
1289 2697 1340 2760 καί
1362 2718 1452 2780 μεμε-

338 2787 476 2873 ρισμένοι
497 2790 586 2855 τύποι
606 2795 659 2874 τῆς
679 2792 831 2876 οἰκήσεως
850 2794 901 2856 καὶ
925 2793 1068 2880 ἑκάτερος
1089 2793 1160 2858 καθ’
1185 2794 1294 2858 ἑαυτὸν
1316 2797 1370 2857 τοῦ
1391 2793 1452 2856 ἑτέ·

337 2909 392 2971 ρου
416 2887 661 2972 ἀπηλλαγμένος.
693 2890 745 2951 καί
766 2890 923 2976 ἀφώριστο
949 2893 1003 2976 μὲν
1025 2893 1132 2961 κακίας
1153 2893 1169 2956 ό
1189 2891 1273 2970 θεός,
1293 2892 1451 2977 ἀφώριστο

338 2985 373 3048 δέ
393 2985 444 3048 καί
467 2986 483 3048 ό
503 2990 556 3068 τῆς
575 2986 682 3055 κακίας
702 2984 807 3071 ἄρχων
829 2992 884 3050 τοῦ
906 2988 984 3078 θεοῦ
1007 2990 1057 3052 καὶ
1081 2990 1226 3074 ἑκάτερος
1244 2990 1317 3054 καθ’
1342 2990 1451 3053 ἑαυτὸν

276 3163 280 3171 Ι
336 3081 373 3167 ήν
403 3083 455 3146 καὶ
484 3081 579 3167 ήρχεν
609 3083 753 3168 ἑκάτερος
776 3088 836 3154 τῶν
864 3085 948 3148 ἰδίων
977 3087 1027 3148 καὶ
1052 3086 1204 3173 ᾠκονόμει
1227 3091 1270 3156 ύις
1295 3087 1451 3173 ἐπεφύκει,

286 3179 356 3248 υῡό
380 3179 434 3263 μὲν
457 3182 551 3248 κακδς
571 3186 684 3274 κακῶς,
705 3183 722 3245 ό
742 3181 777 3244 δὲ
799 3181 917 3264 ἀγαθὸς
938 3184 1073 3267 ἀγαθῶς,
1096 3185 1181 3267 ὁμὲν
1196 3187 1289 3254 κακδς
1309 3186 1452 3271 βλάπτων

335 3277 445 3340 καὶτὰ
468 3278 581 3342 ἑαυτοῦ
604 3279 747 3364 βλάπτων
770 3281 897 3343 καὶτοῦ
922 3274 1075 3368 βλάπτειν
1088 3282 1126 3345 τὰ
1146 3280 1209 3346 ἴδια
1232 3283 1273 3367 μὴ
1298 3283 1451 3346 ἀπαλλατ-

336 3373 482 3458 τόμενος,
517 3377 533 3438 ό
563 3375 598 3437 δὲ
624 3375 742 3457 ἀγαθὸς
765 3377 813 3440 ἀεὶ
837 3378 955 3460 ἀγαθὸς
979 3381 1030 3444 καί
1052 3383 1184 3467 ὠφελῶν
1206 3382 1258 3444 καὶ
1279 3381 1317 3444 τὰ
1338 3381 1451 3445 ἐαυτοῦ

337 3471 469 3556 ὠφελῶν
491 3473 542 3535 καὶ
564 3470 720 3555 μηδέποτε
741 3475 782 3558 μὴ
803 3475 946 3560 ὠφελῶν.
981 3481 1066 3541 πῦσα
1086 3478 1142 3564 γὰρ
1166 3479 1306 3566 ὠφέλεια
1328 3478 1359 3550 ἐξ
1380 3480 1451 3562 ἀγα-

335 3567 395 3632 θοῦ
414 3570 601 3655 προήρχετο.
637 3569 836 3635 ἀνακόλουθα
848 3574 1050 3659 μαθημάτων.
1078 3575 1282 3662 ἐμαχέσαντο,
1301 3577 1450 3642 τὰτελευ-

285 3663 321 3736 a'o
339 3669 410 3728 ταῖα
437 3665 605 3750 ἐζήτησαν,
638 3667 737 3751 εὑρεῖν
769 3668 825 3733 οὐκ
853 3671 1070 3756 ἠδυνήθησαν,
1105 3674 1166 3737 ἀπὸ
1195 3679 1248 3758 τῆς
1274 3675 1372 3762 ἀρχῆς
1397 3675 1450 3759 τὴν

336 3762 524 3826 ἀκολουθίαν
555 3765 596 3847 μή
628 3765 885 3850 παραδεξάμενοι.
928 3769 978 3832 καὶ
1007 3771 1099 3856 μικρὰ
1129 3771 1183 3854 μὲν
1214 3777 1309 3835 ταῦτα
1338 3774 1389 3836 καὶ
1413 3773 1450 3836 οῦ

335 3860 447 3935 πολλά,
471 3858 606 3945 αύτάρκη
628 3862 663 3925 δέ
682 3864 759 3947 πρὸς
777 3867 830 3950 τήν
853 3865 986 3950 ζήτησιν.
1019 3870 1069 3932 τδν
1085 3867 1142 3953 γὰρ
1159 3873 1339 3954 χαρακτῆρα
1358 3868 1450 3953 μόνον

337 3957 481 4040 κεκίνηκα
508 3959 560 4020 καὶ
591 3957 647 4022 οὐκ
673 3961 717 4030 είς
744 3963 863 4046 πλῆθος
884 3963 1082 4050 καταβέβηκα
1103 3970 1162 4028 τῶν
1186 3973 1369 4052 μαρτυριῶν.
1413 3966 1452 4030 τὰ

333 4053 390 4138 γὰρ
412 4060 539 4140 συγγενῆ
562 4060 622 4120 τῶν
643 4059 818 4142 λεγομένων
842 4063 965 4146 ζητήσει
986 4065 1002 4126 ό
1026 4063 1243 4146 ἀναγινώσκων
1263 4066 1314 4128 καὶ
1332 4065 1366 4130 ἐκ
1383 4064 1450 4128 τού-

285 4149 396 4222 ςξατων
426 4151 475 4215 ἐπὶ
502 4151 540 4216 τά
568 4155 662 4238 όμοια
688 4159 739 4222 καὶ
768 4158 891 4244 ἀδελφὰ
907 4160 1055 4244 ’χωρήσει
1078 4153 1318 4246 άναγνώσματαῖ
1360 4165 1452 4247 ήμεῖς

337 4251 372 4314 δὲ
404 4249 481 4335 φέρε
514 4256 792 4338 κατασκευάσωμεν
828 4257 879 4319 τδν
919 4256 1042 4320 ἐκείνων
1079 4256 1188 4340 λόγον,
1236 4259 1273 4322 τὰ
1310 4259 1452 4344 δόγματα

335 4347 458 4412 ἐκείνων
485 4350 708 4435 παραθέμενοι.
753 4354 887 4438 πονηρός
911 4355 964 4437 μέν
986 4353 1023 4440 ήν
1049 4357 1065 4420 ό
1087 4353 1243 4434 Σατανᾶς,
1274 4357 1391 4440 ἀγαθὸς
1414 4359 1451 4422 δὲ

334 4444 372 4529 ήν
392 4447 408 4509 δ
429 4444 511 4514 θεός.
549 4449 599 4512 καὶ
619 4449 718 4518 ούτως
738 4448 785 4535 ήν.
826 4452 877 4515 τδν
902 4453 1000 4538 μῦθον
1025 4453 1163 4540 στρέφω,
1195 4454 1244 4520 ίνα
1271 4457 1322 4520 τὸν
1351 4455 1449 4540 μῦθον

337 4543 524 4629 δυσωπήσω,
549 4547 600 4610 καὶ
625 4546 653 4608 εἰ
679 4547 721 4632 μή
749 4549 941 4636 παράθωμαι
962 4549 982 4615 ἃ
1005 4550 1198 4637 ἐξηγοῦνται,
1228 4551 1372 4642 ἐντρέψαι
1395 4555 1450 4640 τήν
