3517 5434
350 675 377 728 ιι
399 671 475 730 ι-ο.
861 723 865 728 .
900 659 921 718 2

350 827 399 890 ἵνα
424 831 469 911 τῷ
490 823 574 909 λύγιρ
597 822 813 908 διαφεύγωμεν
844 824 887 886 ιῦν
916 825 959 892 εἰς
984 823 1140 906 ἀλλήλους
1162 825 1405 908 πλημμελοῦμεν
1431 828 1469 892 τὰ

350 923 538 1007 ἐγκλήματα,
558 923 711 1006 προσῆκεν
731 922 775 990 είς
796 921 869 985 θεὸν
893 921 1027 1005 ἀσεβεῖν,
1044 919 1273 1003 πλαττομένους
1290 922 1356 986 κατ’
1372 924 1468 990 αύτοῦ

349 1019 387 1082 τά
406 1022 527 1082 πάντων
549 1020 786 1105 ύβριστικιύτερα
817 1019 868 1082 καὶ
893 1019 1044 1102 μηδαμῶς
1070 1016 1152 1081 ὅντα.
1198 1020 1276 1102 πρὸς
1294 1021 1329 1084 δέ
1351 1022 1469 1092 τούτοις

352 1117 458 1200 ἰάσιμα
481 1116 519 1179 τὰ
541 1115 625 1200 παρά
648 1116 823 1200 ἀνθρώποις
845 1116 1051 1200 ἁμαρτήματα
1073 1114 1248 1198 νομίζοντες
1271 1117 1340 1198 (άτε
1363 1120 1400 1203 δὴ
1424 1121 1466 1204 μὴ

315 1218 395 1284 ῦὼς
418 1214 478 1277 ἀπδ
501 1215 581 1282 τινδς
602 1213 701 1298 ἀρχῆς
712 1213 785 1276 καθ’
803 1213 892 1296 ήμῶν
910 1210 1030 1296 ῥέοντα,
1044 1210 1116 1276 ἀλλ’
1132 1211 1236 1297 έτερόν
1261 1237 1326 1278 τινα
1355 1216 1466 1299 τρόπον

348 1312 425 1395 πρὸς
445 1311 533 1394 ἡμῶν
556 1311 771 1395 τρεπόμενα,
802 1309 836 1373 δν
860 1310 877 1372 ό
903 1307 995 1391 λόγος
1020 1314 1129 1394 σαφῶς
1151 1310 1351 1395 κατάκαιρδν
1374 1314 1465 1399 έρμη·

349 1409 476 1489 νιύσει),
497 1406 534 1469 ού
560 1407 652 1490 μόνον
681 1408 724 1476 είς
748 1408 821 1473 θεδν
855 1407 912 1471 οῦκ
934 1407 1126 1491 ἀσεβοῦμεν,
1159 1407 1200 1492 μή
1223 1409 1466 1491 τολμῶντεςσό-

348 1509 403 1568 τοῦ
425 1505 711 1589 καταστοχάζεσθαι
730 1506 870 1591 χαλεπὴν
900 1503 1070 1586 ἀδυναμίαν
1097 1507 1151 1566 τοῦ
1173 1503 1357 1568 ἀνθεστάναι
1375 1509 1466 1594 κακία

349 1600 389 1686 σή
409 1601 450 1685 μή
475 1600 565 1684 ούση,
590 1600 670 1663 ἀλλά
691 1603 742 1664 καὶ
765 1600 803 1665 τά
823 1599 1019 1685 πραττόμενα
1039 1601 1115 1684 πρὸς
1136 1601 1224 1684 ἡμῶν
1239 1593 1346 1670 κακίας
1362 1602 1465 1690 τρόπιρ

299 1707 333 1760 10
348 1700 456 1766 παύειν
478 1699 694 1784 ἐπιχειροῦμεν
717 1705 762 1785 τῷ
782 1720 818 1781 γε
835 1701 944 1782 σαφῶς
957 1700 1021 1766 τοῖς
1032 1695 1237 1782 προσέχουσιν
1251 1697 1466 1764 ἀποδεικνύναι

348 1800 391 1864 ὡς
412 1796 450 1860 τά
477 1797 554 1880 πρὸς
575 1797 663 1879 ήμοῦν
688 1796 793 1881 [κατ’]
820 1795 969 1879 ἀλήθειαν
994 1792 1106 1879 ἔχοντα
1123 1798 1177 1857 τοῦ
1190 1795 1327 1877 γίνεσθαι
1346 1799 1398 1881 τήν
1413 1799 1464 1882 ἀρ-

347 1895 405 1979 χήν
435 1893 475 1956 δι’
496 1895 586 1975 ήμῶν
615 1892 651 1957 ἀν
673 1896 724 1957 καὶ
745 1892 834 1962 τέλος
855 1897 910 1956 τοῦ
935 1893 976 1976 μή
1000 1891 1156 1975 γίγνεσθαι
1178 1894 1279 1978 λάβοι,
1303 1895 1330 1958 εί
1349 1897 1400 1960 καὶ
1422 1897 1464 1979 μὴ

346 1991 432 2076 παρά
453 1990 554 2054 πᾶσιν.
598 1991 635 2054 ού
657 1991 715 2076 γὰρ
740 1991 791 2075 ἐφ’
812 1991 932 2075 ἐκάστιμ
955 1992 991 2054 τό
1012 1989 1084 2054 καθ’
1109 1989 1206 2067 ὅλου,
1230 1992 1312 2054 ἀλλά
1332 2015 1368 2074 γε
1387 1985 1463 2076 παρ’

347 2090 467 2175 ἑκάστῳ
495 2095 556 2152 τῶν
588 2086 850 2152 ἐσπουδακότων·
892 2087 1003 2172 δεῖγμα
1023 2086 1126 2172 μέντοι
1154 2092 1208 2152 τοῦ
1235 2089 1306 2152 καθ’
1333 2089 1408 2153 ύλου
1430 2093 1465 2155 τδ
1512 2123 1520 2132 ·

298 2194 330 2246 15
349 2187 400 2271 ἐφ’
432 2185 561 2250 ἑκάστου
597 2184 812 2269 ἐνδεχόμενον.
853 2183 884 2256 2,
923 2186 939 2248 ύ
971 2183 1073 2269 μέντοι
1102 2186 1288 2271 βαρβαρικήν
1320 2187 1465 2272 ἀσέβειαν

349 2284 528 2366 ἐπινοήσας,
568 2282 702 2367 ἀναρχον
726 2282 833 2346 κακίαν
866 2281 945 2346 κατά
974 2287 1028 2346 τοῦ
1059 2282 1136 2346 θεοῦ
1173 2281 1299 2364 ἀληθῶς
1325 2283 1464 2368 ἀνάρχου

346 2381 397 2444 καὶ
421 2377 518 2463 μόνου
539 2381 737 2463 πλασάμενος
758 2381 810 2443 καὶ
831 2379 976 2464 δευτέραν
996 2380 1094 2464 ἀρχὴν
1116 2378 1227 2461 ταύτην
1249 2383 1382 2462 μανικῶς
1403 2381 1464 2464 δρι-

347 2477 480 2560 σάμενος
501 2476 537 2538 ού
563 2475 656 2560 μόνον
682 2475 714 2538 ἐν
731 2475 781 2561 ἴση
800 2477 883 2546 τάξει
898 2476 999 2560 τίθησι
1010 2476 1116 2539 κακίαν
1130 2475 1196 2561 θεῷ
1215 2477 1319 2560 ὥσπερ
1336 2479 1467 2562 τιμήσας

345 2572 457 2657 ταύτην
479 2575 494 2636 ό
519 2575 612 2657 δῆθεν
640 2577 737 2656 μισεῖν
760 2574 980 2659 προελόμενος,
1001 2572 1081 2638 ἀλλά
1102 2574 1152 2636 καὶ
1175 2573 1283 2636 ἀνίατα
1308 2574 1405 2658 πάντη
1427 2573 1465 2638 τὰ

296 2677 331 2731 w
349 2671 383 2734 ἐκ
410 2675 464 2754 τῆς
490 2672 627 2754 ἀνάρχου
657 2669 765 2753 ῥέοντα
792 2673 872 2736 κακὰ
901 2673 1069 2754 ἐπάναγκες
1094 2671 1237 2754 φάσκων,
1272 2669 1464 2756 ἀδιόρθωτον

346 2767 432 2853 παρά
452 2767 629 2851 ἀνθρώποις
653 2767 706 2849 τήν
718 2768 848 2847 ,ἀδικίαν
872 2770 1046 2856 ἐπιβούλως
1066 2767 1188 2832 οἴεσθαι
1206 2773 1292 2832 ποιεῖ
1310 2767 1382 2838 τοῦς
1401 2793 1463 2832 πει-

347 2865 502 2951 θομένους
521 2863 618 2950 αῦτιμ,
647 2865 728 2926 ὥστε
750 2868 906 2952 προλήψει
934 2871 987 2951 τῆς
1010 2871 1069 2930 τῶν
1096 2865 1324 2950 ἁμαρτημάτων
1349 2865 1465 2950 ήδονής

345 2963 579 3050 προβάλλεσθαι
602 2961 666 3024 ἀντὶ
685 2964 738 3044 τῆς
758 2961 946 3048 ἐπιστροφῆς
966 2964 1019 3046 τὴν
1033 2963 1238 3047 ἀπαγόρευσιν
1259 2966 1301 3032 ύις
1313 2963 1463 3026 ἀδύνατον

347 3061 485 3144 ἀνάρχου
507 3059 615 3128 κακίας
644 3057 780 3143 ἐπισχεῖν
809 3060 862 3142 τὴν
889 3062 1006 3145 φοράν,
1037 3061 1115 3143 πλὴν
1138 3061 1165 3124 εί
1188 3061 1229 3145 μή
1252 3083 1295 3130 τις
1319 3060 1464 3144 ἐπιθυμίη

295 3164 330 3219 25
349 3157 439 3241 δόξης
460 3160 529 3238 (τοῦ
559 3157 660 3220 δοκεῖν
680 3157 715 3218 τὸ
735 3156 829 3220 πλέον
852 3157 887 3220 ἐκ
911 3161 965 3220 τοῦ
987 3157 1107 3240 ἀγαθοῦ
1127 3155 1228 3243 ἔχειν,
1251 3161 1294 3226 ὡς
1311 3158 1348 3242 δὴ
1369 3159 1463 3242 μυθο-

346 3258 487 3338 λογοῦσι)
510 3255 687 3322 σπουδάσας
713 3254 768 3336 μὲν
791 3254 1017 3338 κατορθώσειεν
1042 3257 1084 3324 όις
1108 3254 1173 3318 οίύν
1195 3279 1228 3318 τε
1248 3255 1282 3318 τδ
1304 3255 1345 3339 μὴ
1367 3255 1462 3339 ἁμαρ-

345 3353 457 3444 τάνειχ,
480 3355 523 3419 ὥς
544 3349 674 3412 αύτόθεν
696 3355 823 3435 ποιῆσαι
843 3354 937 3435 δῆλον
962 3355 1005 3420 ύις
1022 3351 1081 3436 ούχ
1102 3351 1266 3437 ἑτέρωθεν,
1288 3352 1368 3416 ἀλλά
1387 3350 1463 3436 παρ’

247 3494 250 3499 -
347 3447 441 3510 αὑτοῦ
463 3446 667 3530 ἐπλημμέλει,
689 3448 775 3531 ὅμως
798 3447 825 3512 δ’
846 3447 1043 3531 ἀπενέγκοιτό
1065 3470 1131 3511 τινα
1153 3447 1243 3518 δόξαν
1269 3450 1344 3534 παρ’
1361 3449 1464 3518 αὐτοῖς

347 3547 390 3612 όνς
417 3545 470 3629 τὴν
498 3547 604 3627 κρᾶσιν
625 3543 673 3628 εἴη
695 3545 823 3630 βελτίων
843 3550 898 3628 τῆς
919 3546 1060 3630 φύσεως,
1084 3547 1100 3608 ό
1124 3545 1165 3629 μὴ
1190 3546 1298 3632 φύσει,
1321 3547 1407 3632 πύνιρ
1428 3547 1463 3610 δὲ

295 3648 330 3702 ³0
347 3642 398 3706 καὶ
417 3643 521 3727 ίδρῦιτι
542 3643 715 3726 χρώμενος,
736 3641 770 3710 δς
792 3643 830 3725 δή
851 3645 902 3706 καὶ
923 3643 1116 3708 ἐπαινεῖσθαι
1140 3641 1228 3706 οἴοιτ’
1254 3644 1289 3707 ἀν
1313 3650 1367 3710 τοῦ
1391 3646 1462 3728 ἀλη-

347 3739 421 3808 θοῦς
450 3739 576 3802 ἐπαίνου
606 3739 818 3824 στερούμενος.
865 3740 919 3823 τὴν
948 3739 1005 3825 γὰρ
1033 3741 1173 3812 εὐδοξίαν
1203 3745 1257 3804 τοῦ
1286 3743 1383 3806 πόνου
1411 3747 1464 3827 τῆς

345 3835 456 3920 ἀρετῆς
476 3834 567 3918 (εἴγε
582 3840 635 3920 τῆς
657 3836 817 3920 εὐσεβείας
839 3841 892 3920 τῆς
915 3838 991 3921 πρὸς
1005 3838 1077 3902 θεὸν
1090 3837 1227 3925 [ἕνεκεν]
1238 3839 1363 3923 ήνύετο)
1375 3861 1464 3902 κατα-

344 3935 504 4018 λιμπάνων
531 3933 677 4019 ἅρπαγμα
699 3936 823 4021 ψευδῶς
849 3935 883 3997 τδ
917 3933 1083 4018 ἀναγκαῖον
1113 3939 1166 4019 τής
1190 3935 1314 4020 φύσεως
1334 3937 1463 4017 ἡγεῖται,

344 4034 378 4096 τδ
401 4032 552 4117 χρήσιμον
575 4035 628 4115 τῆς
650 4032 832 4117 φιλοπονίας
851 4025 929 4118 πρδς
953 4031 1097 4119 ἀσέβειαν
1119 4030 1197 4094 κοιτά
1219 4031 1296 4094 θεοῦ
1318 4030 1462 4118 μετερχό-

294 4129 329 4184 35
347 4151 449 4215 μενος,
470 4133 513 4198 ὡς
538 4129 614 4212 μήτε
636 4130 687 4194 τδν
708 4130 849 4214 ῥᾳστώνη
873 4132 1093 4215 προσκείμενον
1116 4127 1305 4212 πλήττεσθαι
1327 4130 1377 4193 τόν
1390 4134 1462 4193 νοῦν

344 4231 613 4312 κακοπραγοῦντα,
638 4226 671 4290 εἴ
687 4251 723 4310 γε
745 4226 826 4310 άλλη
852 4231 892 4311 τῇ
911 4225 996 4314 ἀρχή
1018 4226 1168 4307 λογίζοιτο
1198 4225 1236 4289 τά
1257 4225 1463 4311 πραττόμενα,

345 4327 422 4409 μήτε
441 4326 493 4388 τδν
517 4326 640 4409 σπουδή
661 4326 823 4409 χριόμενον
846 4322 931 4396 ἀξιον
953 4324 1032 4388 εἶναι
1045 4323 1272 4408 θαυμάζεσθαι,
1295 4325 1393 4390 καίτοι
1412 4327 1462 4388 λο-

343 4425 445 4507 γισμῷ
468 4426 631 4486 πονοῦντα.
689 4420 721 4493 3.
760 4424 837 4508 πρδς
856 4423 891 4486 τδ
914 4426 973 4488 τῶν
995 4421 1117 4486 πάντων
1136 4425 1357 4510 χαλεπώτατον
1387 4425 1463 4506 πρδς

344 4516 489 4604 ἀσέβειαν
518 4517 597 4582 κατά
625 4518 701 4582 θεοῦ
730 4521 1018 4603 παιδαγωγηθήναι.
1059 4521 1100 4605 μή
1126 4520 1275 4596 συνιέντες
1295 4521 1330 4584 δὲ
1357 4519 1386 4582 οἱ
1407 4517 1460 4582 ἀπ’
