<?xml version="1.0" encoding="UTF-8"?>
<!DOCTYPE html PUBLIC "-//W3C//DTD XHTML 1.0 Transitional//EN"
    "http://www.w3.org/TR/xhtml1/DTD/xhtml1-transitional.dtd">
<html xmlns="http://www.w3.org/1999/xhtml" xml:lang="en" lang="en">
 <head>
  <title>
</title>
<meta http-equiv="Content-Type" content="text/html;charset=utf-8" />
  <meta name='ocr-system' content='tesseract 3.04.00' />
  <meta name='ocr-capabilities' content='ocr_page ocr_carea ocr_par ocr_line ocrx_word'/>
</head>
<body>
  <div class='ocr_page' id='page_1' title='image "./poemander00trisgoog_0048.png"; bbox 0 0 3517 5434; ppageno 0'>
   <div class='ocr_carea' id='block_1_1' title="bbox 407 712 1458 798">
    <p class='ocr_par' dir='ltr' id='par_1_1' title="bbox 407 712 1458 798">
     <span class='ocr_line' id='line_1_1' title="bbox 407 712 1458 798; baseline 0 -17"><span class='ocrx_word' id='word_1_1' title='bbox 407 731 443 781; x_wconf 64' lang='grc' dir='ltr'><strong><em>Ὦ</em></strong></span> <span class='ocrx_word' id='word_1_2' title='bbox 811 728 886 798; x_wconf 78' lang='grc' dir='ltr'><strong><em>Πρὸς</em></strong></span> <span class='ocrx_word' id='word_1_3' title='bbox 901 723 1060 797; x_wconf 74' lang='grc' dir='ltr'><strong><em>Ἀσκληπιὸν</em></strong></span> <span class='ocrx_word' id='word_1_4' title='bbox 1094 712 1095 716; x_wconf 19' lang='lat'>¹</span> <span class='ocrx_word' id='word_1_5' title='bbox 1361 749 1413 798; x_wconf 86' lang='lat' dir='ltr'><strong>cap.</strong></span> <span class='ocrx_word' id='word_1_6' title='bbox 1433 730 1458 781; x_wconf 78' lang='lat'><strong><em>2.</em></strong></span> 
     </span>
    </p>
   </div>
   <div class='ocr_carea' id='block_1_2' title="bbox 359 877 1585 2519">
    <p class='ocr_par' dir='ltr' id='par_1_2' title="bbox 359 877 1585 2519">
     <span class='ocr_line' id='line_1_2' title="bbox 407 877 1460 973; baseline -0.003 -22"><span class='ocrx_word' id='word_1_7' title='bbox 407 889 604 968; x_wconf 76' lang='grc' dir='ltr'><em>συγκινεῖται</em></span> <span class='ocrx_word' id='word_1_8' title='bbox 625 888 696 958; x_wconf 84' lang='grc' dir='ltr'><strong><em>τοῖς</em></strong></span> <span class='ocrx_word' id='word_1_9' title='bbox 717 886 935 966; x_wconf 75' lang='grc' dir='ltr'><strong><em>κινουμένοιςς</em></strong></span> <span class='ocrx_word' id='word_1_10' title='bbox 958 877 1018 960; x_wconf 81' lang='grc' dir='ltr'><strong><em>τὰς</em></strong></span> <span class='ocrx_word' id='word_1_11' title='bbox 1040 878 1103 970; x_wconf 78' lang='grc' dir='ltr'><strong><em>γάρ</em></strong></span> <span class='ocrx_word' id='word_1_12' title='bbox 1127 885 1274 972; x_wconf 79' lang='grc' dir='ltr'><strong><em>σφαίρας</em></strong></span> <span class='ocrx_word' id='word_1_13' title='bbox 1296 885 1378 973; x_wconf 74' lang='grc' dir='ltr'><strong><em>ἔφης</em></strong></span> <span class='ocrx_word' id='word_1_14' title='bbox 1400 878 1460 960; x_wconf 90' lang='grc' dir='ltr'><strong><em>τάς</em></strong></span> 
     </span>
     <span class='ocr_line' id='line_1_3' title="bbox 406 989 1348 1084; baseline -0.001 -26"><span class='ocrx_word' id='word_1_15' title='bbox 406 995 623 1078; x_wconf 78' lang='grc' dir='ltr'><strong><em>πλανωμένας</em></strong></span> <span class='ocrx_word' id='word_1_16' title='bbox 644 994 812 1059; x_wconf 69' lang='grc' dir='ltr'><strong><em>κινεῖσθαι</em></strong></span> <span class='ocrx_word' id='word_1_17' title='bbox 832 989 897 1058; x_wconf 84' lang='grc' dir='ltr'><strong><em>ὑπὸ</em></strong></span> <span class='ocrx_word' id='word_1_18' title='bbox 921 997 979 1074; x_wconf 81' lang='grc' dir='ltr'><strong><em>τῆς</em></strong></span> <span class='ocrx_word' id='word_1_19' title='bbox 1001 991 1170 1071; x_wconf 80' lang='grc' dir='ltr'><strong><em>ἀπλανοῦς</em></strong></span> <span class='ocrx_word' id='word_1_20' title='bbox 1192 996 1348 1084; x_wconf 90' lang='grc' dir='ltr'><strong><em>σφαίρας.</em></strong></span> 
     </span>
     <span class='ocr_line' id='line_1_4' title="bbox 470 1094 1494 1192; baseline 0.001 -24"><span class='ocrx_word' id='word_1_21' title='bbox 470 1102 624 1192; x_wconf 66' lang='grc' dir='ltr'><strong><em>Ἑρμῆς·</em></strong></span> <span class='ocrx_word' id='word_1_22' title='bbox 673 1101 739 1169; x_wconf 82' lang='grc' dir='ltr'><strong><em>Οὐκ</em></strong></span> <span class='ocrx_word' id='word_1_23' title='bbox 767 1106 856 1170; x_wconf 72' lang='grc' dir='ltr'><strong><em>ἔστιν</em></strong></span> <span class='ocrx_word' id='word_1_24' title='bbox 877 1101 977 1185; x_wconf 82' lang='grc' dir='ltr'><strong><em>αὕτη,</em></strong></span> <span class='ocrx_word' id='word_1_25' title='bbox 1007 1094 1237 1184; x_wconf 79' lang='grc' dir='ltr'><strong><em>ὦἈσκληπιέ,</em></strong></span> <span class='ocrx_word' id='word_1_26' title='bbox 1266 1107 1494 1188; x_wconf 77' lang='grc' dir='ltr'><strong><em>σογκίνησις,3</em></strong></span> 
     </span>
     <span class='ocr_line' id='line_1_5' title="bbox 408 1210 1461 1303; baseline 0.002 -25"><span class='ocrx_word' id='word_1_27' title='bbox 408 1212 474 1279; x_wconf 80' lang='grc' dir='ltr'><strong><em>ἀλλ’</em></strong></span> <span class='ocrx_word' id='word_1_28' title='bbox 502 1213 710 1294; x_wconf 88' lang='grc' dir='ltr'><strong><em>ἀντικίνησις.</em></strong></span> <span class='ocrx_word' id='word_1_29' title='bbox 734 1213 775 1281; x_wconf 90' lang='grc' dir='ltr'><strong><em>οῦ</em></strong></span> <span class='ocrx_word' id='word_1_30' title='bbox 795 1210 860 1303; x_wconf 81' lang='grc' dir='ltr'><strong><em>μάρ</em></strong></span> <span class='ocrx_word' id='word_1_31' title='bbox 883 1213 1004 1299; x_wconf 84' lang='grc' dir='ltr'><strong><em>ὁμοίως</em></strong></span> <span class='ocrx_word' id='word_1_32' title='bbox 1026 1218 1200 1294; x_wconf 76' lang='grc' dir='ltr'><strong><em>κινοῦνται,</em></strong></span> <span class='ocrx_word' id='word_1_33' title='bbox 1222 1213 1289 1281; x_wconf 84' lang='grc' dir='ltr'><strong><em>ἀλλ’</em></strong></span> <span class='ocrx_word' id='word_1_34' title='bbox 1306 1219 1461 1292; x_wconf 81' lang='grc' dir='ltr'><strong><em>ἐναντίως</em></strong></span> 
     </span>
     <span class='ocr_line' id='line_1_6' title="bbox 407 1321 1460 1414; baseline 0.003 -25"><span class='ocrx_word' id='word_1_35' title='bbox 407 1321 574 1404; x_wconf 81' lang='grc' dir='ltr'><strong><em>ἀλλήλαις.</em></strong></span> <span class='ocrx_word' id='word_1_36' title='bbox 604 1324 625 1405; x_wconf 79' lang='grc' dir='ltr'><em>ἡ</em></span> <span class='ocrx_word' id='word_1_37' title='bbox 654 1328 689 1391; x_wconf 79' lang='grc' dir='ltr'><strong><em>δὲ</em></strong></span> <span class='ocrx_word' id='word_1_38' title='bbox 717 1329 907 1403; x_wconf 77' lang='grc' dir='ltr'><strong><em>ἐναντίωσις</em></strong></span> <span class='ocrx_word' id='word_1_39' title='bbox 935 1321 996 1407; x_wconf 78' lang='grc' dir='ltr'><strong><em>τὴν</em></strong></span> <span class='ocrx_word' id='word_1_40' title='bbox 1024 1324 1204 1414; x_wconf 82' lang='grc' dir='ltr'><strong><em>ἀντέρεισιν</em></strong></span> <span class='ocrx_word' id='word_1_41' title='bbox 1225 1329 1284 1407; x_wconf 82' lang='grc' dir='ltr'><strong><em>τῆς</em></strong></span> <span class='ocrx_word' id='word_1_42' title='bbox 1305 1324 1460 1407; x_wconf 84' lang='grc' dir='ltr'><strong><em>κινήσεως</em></strong></span> 
     </span>
     <span class='ocr_line' id='line_1_7' title="bbox 359 1432 1494 1528; baseline -0.001 -27"><span class='ocrx_word' id='word_1_43' title='bbox 359 1437 379 1501; x_wconf 83' lang='grc'>7</span> <span class='ocrx_word' id='word_1_44' title='bbox 402 1437 551 1502; x_wconf 82' lang='grc' dir='ltr'><strong><em>ἑστῶσαν</em></strong></span> <span class='ocrx_word' id='word_1_45' title='bbox 581 1439 652 1522; x_wconf 71' lang='grc' dir='ltr'><strong>ἔχει.</strong></span> <span class='ocrx_word' id='word_1_46' title='bbox 683 1432 791 1526; x_wconf 78' lang='grc' dir='ltr'><strong><em>ἡγάρ</em></strong></span> <span class='ocrx_word' id='word_1_47' title='bbox 821 1436 997 1504; x_wconf 80' lang='grc' dir='ltr'><strong><em>ἀντιτυπία</em></strong></span> <span class='ocrx_word' id='word_1_48' title='bbox 1025 1433 1140 1514; x_wconf 88' lang='grc' dir='ltr'><strong><em>στάσις</em></strong></span> <span class='ocrx_word' id='word_1_49' title='bbox 1169 1441 1279 1528; x_wconf 79' lang='grc' dir='ltr'><strong><em>φορᾶς</em></strong></span> <span class='ocrx_word' id='word_1_50' title='bbox 1306 1443 1390 1504; x_wconf 82' lang='grc' dir='ltr'><strong><em>ἐστί·</em></strong></span> <span class='ocrx_word' id='word_1_51' title='bbox 1419 1436 1455 1504; x_wconf 83' lang='grc' dir='ltr'><strong><em>δι’</em></strong></span> <span class='ocrx_word' id='word_1_52' title='bbox 1478 1450 1494 1500; x_wconf 88' lang='grc'><strong>6</strong></span> 
     </span>
     <span class='ocr_line' id='line_1_8' title="bbox 407 1542 1585 1640; baseline 0.001 -29"><span class='ocrx_word' id='word_1_53' title='bbox 407 1542 425 1611; x_wconf 87' lang='grc' dir='ltr'>ὃ</span> <span class='ocrx_word' id='word_1_54' title='bbox 455 1549 511 1612; x_wconf 86' lang='grc' dir='ltr'><strong><em>καὶ</em></strong></span> <span class='ocrx_word' id='word_1_55' title='bbox 540 1551 575 1611; x_wconf 85' lang='grc' dir='ltr'><strong><em>αί</em></strong></span> <span class='ocrx_word' id='word_1_56' title='bbox 604 1544 816 1632; x_wconf 81' lang='grc' dir='ltr'><strong><em>πλανώμεναι</em></strong></span> <span class='ocrx_word' id='word_1_57' title='bbox 848 1558 993 1637; x_wconf 80' lang='grc' dir='ltr'><strong><em>σφαῖραι</em></strong></span> <span class='ocrx_word' id='word_1_58' title='bbox 1021 1551 1177 1624; x_wconf 82' lang='grc' dir='ltr'><strong><em>ἐναντίως</em></strong></span> <span class='ocrx_word' id='word_1_59' title='bbox 1204 1546 1392 1634; x_wconf 78' lang='grc' dir='ltr'><strong><em>κινούμεναι</em></strong></span> <span class='ocrx_word' id='word_1_60' title='bbox 1421 1552 1460 1640; x_wconf 81' lang='grc' dir='ltr'><strong><em>τῇ</em></strong></span> <span class='ocrx_word' id='word_1_61' title='bbox 1559 1545 1585 1612; x_wconf 53' lang='grc' dir='ltr'>ᾗ</span> 
     </span>
     <span class='ocr_line' id='line_1_9' title="bbox 407 1655 1460 1750; baseline 0.006 -30"><span class='ocrx_word' id='word_1_62' title='bbox 407 1655 560 1736; x_wconf 84' lang='grc' dir='ltr'><strong><em>ἀπλανεῖ,</em></strong></span> <span class='ocrx_word' id='word_1_63' title='bbox 587 1656 645 1723; x_wconf 82' lang='grc' dir='ltr'><strong><em>ὑπ’</em></strong></span> <span class='ocrx_word' id='word_1_64' title='bbox 669 1657 821 1739; x_wconf 86' lang='grc' dir='ltr'><strong><em>ἀλλήλων</em></strong></span> <span class='ocrx_word' id='word_1_65' title='bbox 849 1663 888 1748; x_wconf 80' lang='grc' dir='ltr'><strong><em>τῇ</em></strong></span> <span class='ocrx_word' id='word_1_66' title='bbox 917 1663 1053 1744; x_wconf 77' lang='grc' dir='ltr'><strong><em>ἐναντία</em></strong></span> <span class='ocrx_word' id='word_1_67' title='bbox 1080 1657 1261 1740; x_wconf 78' lang='grc' dir='ltr'><strong><em>ἀπαντήσει</em></strong></span> <span class='ocrx_word' id='word_1_68' title='bbox 1297 1664 1371 1750; x_wconf 83' lang='grc' dir='ltr'><strong><em>περὶ</em></strong></span> <span class='ocrx_word' id='word_1_69' title='bbox 1399 1655 1460 1740; x_wconf 79' lang='grc' dir='ltr'><strong><em>τὴν</em></strong></span> 
     </span>
     <span class='ocr_line' id='line_1_10' title="bbox 406 1764 1496 1852; baseline 0 -19"><span class='ocrx_word' id='word_1_70' title='bbox 406 1764 621 1849; x_wconf 75' lang='grc' dir='ltr'><strong><em>ἐναντιότητα</em></strong></span> <span class='ocrx_word' id='word_1_71' title='bbox 650 1765 753 1850; x_wconf 75' lang='grc' dir='ltr'><strong><em>αὐτὴν</em></strong></span> <span class='ocrx_word' id='word_1_72' title='bbox 774 1765 838 1836; x_wconf 85' lang='grc' dir='ltr'><strong><em>ὑπὸ</em></strong></span> <span class='ocrx_word' id='word_1_73' title='bbox 861 1772 920 1851; x_wconf 77' lang='grc' dir='ltr'><strong><em>τῆς</em></strong></span> <span class='ocrx_word' id='word_1_74' title='bbox 942 1768 1085 1852; x_wconf 80' lang='grc' dir='ltr'><strong><em>ἑστώσης</em></strong></span> <span class='ocrx_word' id='word_1_75' title='bbox 1113 1775 1295 1838; x_wconf 83' lang='grc' dir='ltr'><strong><em>κινοῦνται·</em></strong></span> <span class='ocrx_word' id='word_1_76' title='bbox 1322 1775 1378 1838; x_wconf 82' lang='grc' dir='ltr'><strong><em>καὶ</em></strong></span> <span class='ocrx_word' id='word_1_77' title='bbox 1400 1767 1496 1836; x_wconf 78' lang='lat' dir='ltr'><strong>‹il-9</strong></span> 
     </span>
     <span class='ocr_line' id='line_1_11' title="bbox 407 1876 1461 1971; baseline 0.004 -27"><span class='ocrx_word' id='word_1_78' title='bbox 407 1881 471 1958; x_wconf 86' lang='grc' dir='ltr'><strong><em>λως</em></strong></span> <span class='ocrx_word' id='word_1_79' title='bbox 493 1882 576 1966; x_wconf 70' lang='grc' dir='ltr'><strong><em>ἔχειν</em></strong></span> <span class='ocrx_word' id='word_1_80' title='bbox 597 1878 773 1950; x_wconf 78' lang='grc' dir='ltr'><strong><em>ἀδύνατον.</em></strong></span> <span class='ocrx_word' id='word_1_81' title='bbox 802 1876 863 1959; x_wconf 88' lang='grc' dir='ltr'><strong><em>τάς</em></strong></span> <span class='ocrx_word' id='word_1_82' title='bbox 884 1877 948 1971; x_wconf 80' lang='grc' dir='ltr'><strong><em>μάρ</em></strong></span> <span class='ocrx_word' id='word_1_83' title='bbox 978 1879 1117 1971; x_wconf 87' lang='grc' dir='ltr'><strong><em>ἀρκτονς</em></strong></span> <span class='ocrx_word' id='word_1_84' title='bbox 1145 1879 1280 1963; x_wconf 82' lang='grc' dir='ltr'><strong><em>τούτοις,</em></strong></span> <span class='ocrx_word' id='word_1_85' title='bbox 1309 1877 1349 1960; x_wconf 85' lang='grc' dir='ltr'><strong><em>ἀς</em></strong></span> <span class='ocrx_word' id='word_1_86' title='bbox 1379 1881 1461 1969; x_wconf 77' lang='grc' dir='ltr'><strong><em>ὁρᾷς</em></strong></span> 
     </span>
     <span class='ocr_line' id='line_1_12' title="bbox 405 1987 1461 2082; baseline 0.002 -26"><span class='ocrx_word' id='word_1_87' title='bbox 405 1987 488 2076; x_wconf 81' lang='grc' dir='ltr'><strong><em>μήτε</em></strong></span> <span class='ocrx_word' id='word_1_88' title='bbox 510 1990 671 2071; x_wconf 82' lang='grc' dir='ltr'><strong><em>δννοῦσας</em></strong></span> <span class='ocrx_word' id='word_1_89' title='bbox 684 1990 766 2079; x_wconf 85' lang='grc' dir='ltr'><strong><em>μήτε</em></strong></span> <span class='ocrx_word' id='word_1_90' title='bbox 781 1991 1035 2073; x_wconf 80' lang='grc' dir='ltr'><strong><em>α’νατελλοῦσας,</em></strong></span> <span class='ocrx_word' id='word_1_91' title='bbox 1057 1997 1131 2080; x_wconf 85' lang='grc' dir='ltr'><strong><em>περὶ</em></strong></span> <span class='ocrx_word' id='word_1_92' title='bbox 1153 1997 1187 2060; x_wconf 77' lang='grc' dir='ltr'><strong><em>δὲ</em></strong></span> <span class='ocrx_word' id='word_1_93' title='bbox 1210 1989 1248 2059; x_wconf 82' lang='grc' dir='ltr'><strong><em>τὸ</em></strong></span> <span class='ocrx_word' id='word_1_94' title='bbox 1264 1989 1345 2060; x_wconf 84' lang='grc' dir='ltr'><strong><em>αὐτὸ</em></strong></span> <span class='ocrx_word' id='word_1_95' title='bbox 1368 2015 1461 2082; x_wconf 83' lang='grc' dir='ltr'><strong><em>στρι-</em></strong></span> 
     </span>
     <span class='ocr_line' id='line_1_13' title="bbox 406 2099 1514 2189; baseline 0.009 -24"><span class='ocrx_word' id='word_1_96' title='bbox 406 2104 555 2189; x_wconf 82' lang='grc' dir='ltr'><strong><em>φομένας</em></strong></span> <span class='ocrx_word' id='word_1_97' title='bbox 578 2102 636 2167; x_wconf 83' lang='grc' dir='ltr'><strong><em>οίει</em></strong></span> <span class='ocrx_word' id='word_1_98' title='bbox 660 2099 681 2184; x_wconf 78' lang='grc' dir='ltr'>ἢ</span> <span class='ocrx_word' id='word_1_99' title='bbox 702 2107 872 2169; x_wconf 74' lang='grc' dir='ltr'><strong><em>κινεῖσθαι</em></strong></span> <span class='ocrx_word' id='word_1_100' title='bbox 894 2099 916 2182; x_wconf 79' lang='grc' dir='ltr'><em>ἢ</em></span> <span class='ocrx_word' id='word_1_101' title='bbox 937 2102 1095 2186; x_wconf 59' lang='lat' dir='ltr'><strong>soronam</strong></span> <span class='ocrx_word' id='word_1_102' title='bbox 1478 2123 1514 2176; x_wconf 83' lang='lat'><strong><em>12</em></strong></span> 
     </span>
     <span class='ocr_line' id='line_1_14' title="bbox 445 2205 1222 2297; baseline -0.001 -22"><span class='ocrx_word' id='word_1_103' title='bbox 445 2209 702 2290; x_wconf 85' lang='grc' dir='ltr'><strong><em>Ἀσκληπιός.</em></strong></span> <span class='ocrx_word' id='word_1_104' title='bbox 749 2215 940 2289; x_wconf 81' lang='grc' dir='ltr'><strong><em>Κινιῖσθαι,</em></strong></span> <span class='ocrx_word' id='word_1_105' title='bbox 962 2205 987 2275; x_wconf 84' lang='grc' dir='ltr'><em>ὦ</em></span> <span class='ocrx_word' id='word_1_106' title='bbox 1010 2215 1222 2297; x_wconf 81' lang='grc' dir='ltr'><strong><em>τρισμέγισττ.</em></strong></span> 
     </span>
     <span class='ocr_line' id='line_1_15' title="bbox 447 2312 1180 2407; baseline 0.003 -25"><span class='ocrx_word' id='word_1_107' title='bbox 447 2319 604 2407; x_wconf 74' lang='grc' dir='ltr'><strong><em>Ἑρμῆς·</em></strong></span> <span class='ocrx_word' id='word_1_108' title='bbox 649 2324 792 2401; x_wconf 88' lang='grc' dir='ltr'><strong><em>Κίνησιν</em></strong></span> <span class='ocrx_word' id='word_1_109' title='bbox 814 2317 923 2398; x_wconf 86' lang='grc' dir='ltr'><strong><em>ποιάν,</em></strong></span> <span class='ocrx_word' id='word_1_110' title='bbox 947 2312 1180 2399; x_wconf 74' lang='grc' dir='ltr'><strong><em>ὦἉσκληπιὲς</em></strong></span> 
     </span>
     <span class='ocr_line' id='line_1_16' title="bbox 447 2421 1514 2519; baseline 0.003 -25"><span class='ocrx_word' id='word_1_111' title='bbox 447 2427 701 2511; x_wconf 82' lang='grc' dir='ltr'><strong><em>Ἀσκληπιός.</em></strong></span> <span class='ocrx_word' id='word_1_112' title='bbox 753 2427 823 2512; x_wconf 73' lang='grc' dir='ltr'><strong><em>Τὴν</em></strong></span> <span class='ocrx_word' id='word_1_113' title='bbox 845 2432 919 2517; x_wconf 85' lang='grc' dir='ltr'><strong><em>περὶ</em></strong></span> <span class='ocrx_word' id='word_1_114' title='bbox 942 2425 979 2496; x_wconf 82' lang='grc' dir='ltr'><strong><em>τὸ</em></strong></span> <span class='ocrx_word' id='word_1_115' title='bbox 1003 2423 1085 2496; x_wconf 80' lang='grc' dir='ltr'><strong><em>αὐτὸ</em></strong></span> <span class='ocrx_word' id='word_1_116' title='bbox 1109 2427 1161 2495; x_wconf 80' lang='grc' dir='ltr'><strong><em>ἀεὶ</em></strong></span> <span class='ocrx_word' id='word_1_117' title='bbox 1183 2435 1417 2519; x_wconf 77' lang='grc' dir='ltr'><strong><em>στρεφομένην.</em></strong></span> <span class='ocrx_word' id='word_1_118' title='bbox 1471 2421 1514 2509; x_wconf 66' lang='lat'><strong><em>‘15</em></strong></span> 
     </span>
    </p>
   </div>
   <div class='ocr_carea' id='block_1_3' title="bbox 475 2575 1463 3344">
    <p class='ocr_par' dir='ltr' id='par_1_3' title="bbox 475 2575 1463 3344">
     <span class='ocr_line' id='line_1_17' title="bbox 477 2575 1461 2656; baseline 0.003 -22"><span class='ocrx_word' id='word_1_119' title='bbox 477 2581 502 2634; x_wconf 92' lang='lat' dir='ltr'><strong><em>l.</em></strong></span> <span class='ocrx_word' id='word_1_120' title='bbox 515 2582 684 2654; x_wconf 77' lang='grc' dir='ltr'><strong><em>κινουμένοις]</em></strong></span> <span class='ocrx_word' id='word_1_121' title='bbox 703 2586 817 2638; x_wconf 81' lang='grc' dir='ltr'><strong><em>κινοῦσιν</em></strong></span> <span class='ocrx_word' id='word_1_122' title='bbox 834 2584 907 2636; x_wconf 84' lang='lat' dir='ltr'><strong>stob.</strong></span> <span class='ocrx_word' id='word_1_123' title='bbox 942 2582 967 2636; x_wconf 87' lang='grc'><strong><em>3.</em></strong></span> <span class='ocrx_word' id='word_1_124' title='bbox 981 2575 1000 2636; x_wconf 83' lang='lat' dir='ltr'><strong>oi</strong></span> <span class='ocrx_word' id='word_1_125' title='bbox 1015 2578 1166 2650; x_wconf 69' lang='grc' dir='ltr'><strong><em>Ἀσκληπιέ]</em></strong></span> <span class='ocrx_word' id='word_1_126' title='bbox 1178 2583 1322 2656; x_wconf 70' lang='grc' dir='ltr'><strong><em>γράφεται·</em></strong></span> <span class='ocrx_word' id='word_1_127' title='bbox 1341 2579 1461 2638; x_wconf 81' lang='grc' dir='ltr'><strong><em>ὦτίιινον</em></strong></span> 
     </span>
     <span class='ocr_line' id='line_1_18' title="bbox 476 2665 1460 2740; baseline 0 -19"><span class='ocrx_word' id='word_1_128' title='bbox 476 2671 591 2734; x_wconf 82' lang='lat' dir='ltr'><strong>marg.B.</strong></span> <span class='ocrx_word' id='word_1_129' title='bbox 603 2665 616 2737; x_wconf 85' lang='grc' dir='ltr'><strong><em>ΙΙ</em></strong></span> <span class='ocrx_word' id='word_1_130' title='bbox 638 2668 797 2739; x_wconf 80' lang='grc' dir='ltr'><strong><em>συμκίνησις]</em></strong></span> <span class='ocrx_word' id='word_1_131' title='bbox 812 2669 847 2721; x_wconf 90' lang='lat' dir='ltr'><strong><em>sic</em></strong></span> <span class='ocrx_word' id='word_1_132' title='bbox 860 2670 932 2722; x_wconf 85' lang='lat' dir='ltr'><strong>Stob.</strong></span> <span class='ocrx_word' id='word_1_133' title='bbox 946 2667 1023 2732; x_wconf 68' lang='lat' dir='ltr'><strong>Pate,</strong></span> <span class='ocrx_word' id='word_1_134' title='bbox 1037 2673 1136 2738; x_wconf 85' lang='grc' dir='ltr'><strong><em>κίνησις</em></strong></span> <span class='ocrx_word' id='word_1_135' title='bbox 1150 2669 1247 2740; x_wconf 81' lang='lat' dir='ltr'><strong>reliqui.</strong></span> <span class='ocrx_word' id='word_1_136' title='bbox 1284 2671 1310 2722; x_wconf 82' lang='lat'><strong><em>4.</em></strong></span> <span class='ocrx_word' id='word_1_137' title='bbox 1327 2669 1460 2736; x_wconf 68' lang='grc' dir='ltr'><strong><em>ἓνονντίως]</em></strong></span> 
     </span>
     <span class='ocr_line' id='line_1_19' title="bbox 477 2753 1462 2826; baseline 0.002 -20"><span class='ocrx_word' id='word_1_138' title='bbox 477 2755 512 2806; x_wconf 88' lang='lat' dir='ltr'><strong><em>sic</em></strong></span> <span class='ocrx_word' id='word_1_139' title='bbox 521 2756 543 2805; x_wconf 93' lang='lat' dir='ltr'>B</span> <span class='ocrx_word' id='word_1_140' title='bbox 551 2755 627 2818; x_wconf 64' lang='lat' dir='ltr'><strong>Patr„</strong></span> <span class='ocrx_word' id='word_1_141' title='bbox 636 2761 751 2808; x_wconf 73' lang='grc' dir='ltr'><strong><em>ἐναντίαι</em></strong></span> <span class='ocrx_word' id='word_1_142' title='bbox 758 2757 857 2826; x_wconf 91' lang='lat' dir='ltr'><strong>reliqui.</strong></span> <span class='ocrx_word' id='word_1_143' title='bbox 885 2755 910 2809; x_wconf 89' lang='grc'><strong><em>6.</em></strong></span> <span class='ocrx_word' id='word_1_144' title='bbox 929 2753 1023 2814; x_wconf 83' lang='grc' dir='ltr'><strong><em>στάσις</em></strong></span> <span class='ocrx_word' id='word_1_145' title='bbox 1036 2757 1121 2826; x_wconf 79' lang='grc' dir='ltr'><strong><em>φορᾶς</em></strong></span> <span class='ocrx_word' id='word_1_146' title='bbox 1133 2753 1200 2822; x_wconf 72' lang='grc' dir='ltr'><strong><em>ἔστί]</em></strong></span> <span class='ocrx_word' id='word_1_147' title='bbox 1213 2755 1248 2807; x_wconf 89' lang='lat' dir='ltr'><strong><em>sic</em></strong></span> <span class='ocrx_word' id='word_1_148' title='bbox 1259 2755 1333 2818; x_wconf 69' lang='lat' dir='ltr'><strong>Patr„</strong></span> <span class='ocrx_word' id='word_1_149' title='bbox 1346 2756 1462 2815; x_wconf 85' lang='grc' dir='ltr'><strong><em>στάσεώς</em></strong></span> 
     </span>
     <span class='ocr_line' id='line_1_20' title="bbox 478 2834 1461 2913; baseline -0.002 -19"><span class='ocrx_word' id='word_1_150' title='bbox 478 2846 532 2896; x_wconf 72' lang='grc' dir='ltr'><strong><em>ἐστι</em></strong></span> <span class='ocrx_word' id='word_1_151' title='bbox 542 2839 616 2913; x_wconf 81' lang='grc' dir='ltr'><strong><em>φορά</em></strong></span> <span class='ocrx_word' id='word_1_152' title='bbox 624 2841 722 2910; x_wconf 79' lang='lat' dir='ltr'><strong>reliqui.</strong></span> <span class='ocrx_word' id='word_1_153' title='bbox 735 2837 749 2910; x_wconf 88' lang='grc' dir='ltr'><strong><em>ΙΙ</em></strong></span> <span class='ocrx_word' id='word_1_154' title='bbox 762 2845 819 2896; x_wconf 69' lang='grc' dir='ltr'><strong><em>ἐστί</em></strong></span> <span class='ocrx_word' id='word_1_155' title='bbox 827 2864 877 2895; x_wconf 88' lang='lat' dir='ltr'><strong>om.</strong></span> <span class='ocrx_word' id='word_1_156' title='bbox 888 2842 959 2894; x_wconf 76' lang='lat' dir='ltr'><strong>stab.</strong></span> <span class='ocrx_word' id='word_1_157' title='bbox 978 2841 1002 2894; x_wconf 86' lang='grc'><strong>6.</strong></span> <span class='ocrx_word' id='word_1_158' title='bbox 1010 2841 1034 2892; x_wconf 87' lang='grc'><strong><em>7.</em></strong></span> <span class='ocrx_word' id='word_1_159' title='bbox 1045 2835 1075 2892; x_wconf 69' lang='grc' dir='ltr'><strong><em>δι’</em></strong></span> <span class='ocrx_word' id='word_1_160' title='bbox 1087 2834 1102 2892; x_wconf 77' lang='grc' dir='ltr'><strong><em>ἀ</em></strong></span> <span class='ocrx_word' id='word_1_161' title='bbox 1115 2839 1170 2906; x_wconf 80' lang='grc' dir='ltr'><strong><em>καὶ]</em></strong></span> <span class='ocrx_word' id='word_1_162' title='bbox 1181 2841 1293 2905; x_wconf 70' lang='lat' dir='ltr'><strong>slopan..</strong></span> <span class='ocrx_word' id='word_1_163' title='bbox 1302 2863 1351 2894; x_wconf 91' lang='lat' dir='ltr'><strong>orn.</strong></span> <span class='ocrx_word' id='word_1_164' title='bbox 1362 2840 1461 2910; x_wconf 86' lang='lat' dir='ltr'><strong>reliqui.</strong></span> 
     </span>
     <span class='ocr_line' id='line_1_21' title="bbox 476 2923 1460 3000; baseline -0.003 -19"><span class='ocrx_word' id='word_1_165' title='bbox 476 2927 502 2981; x_wconf 83' lang='lat'><strong><em>8.</em></strong></span> <span class='ocrx_word' id='word_1_166' title='bbox 516 2931 550 3000; x_wconf 77' lang='grc' dir='ltr'><strong><em>τῇ</em></strong></span> <span class='ocrx_word' id='word_1_167' title='bbox 564 2932 670 2996; x_wconf 73' lang='grc' dir='ltr'><strong><em>ἐναντίᾳ</em></strong></span> <span class='ocrx_word' id='word_1_168' title='bbox 682 2924 827 2997; x_wconf 71' lang='grc' dir='ltr'><strong><em>ἀπαντήσει</em></strong></span> <span class='ocrx_word' id='word_1_169' title='bbox 844 2931 904 2999; x_wconf 83' lang='grc' dir='ltr'><strong><em>περὶ</em></strong></span> <span class='ocrx_word' id='word_1_170' title='bbox 915 2928 964 2998; x_wconf 74' lang='grc' dir='ltr'><strong><em>τὴν</em></strong></span> <span class='ocrx_word' id='word_1_171' title='bbox 976 2949 1027 2979; x_wconf 92' lang='lat' dir='ltr'><strong>om.</strong></span> <span class='ocrx_word' id='word_1_172' title='bbox 1041 2927 1105 2980; x_wconf 87' lang='lat' dir='ltr'><strong>Patr.</strong></span> <span class='ocrx_word' id='word_1_173' title='bbox 1143 2925 1169 2978; x_wconf 83' lang='lat'><strong><em>9.</em></strong></span> <span class='ocrx_word' id='word_1_174' title='bbox 1182 2923 1266 2998; x_wconf 71' lang='lat' dir='ltr'><strong>naiasin</strong></span> <span class='ocrx_word' id='word_1_175' title='bbox 1276 2959 1303 2967; x_wconf 99' lang='lat'><em>-</em></span> <span class='ocrx_word' id='word_1_176' title='bbox 1318 2925 1460 2992; x_wconf 86' lang='grc' dir='ltr'><strong><em>κινοῦνται]</em></strong></span> 
     </span>
     <span class='ocr_line' id='line_1_22' title="bbox 475 3009 1462 3086; baseline -0.002 -18"><span class='ocrx_word' id='word_1_177' title='bbox 475 3017 594 3069; x_wconf 73' lang='grc' dir='ltr'><strong><em>ἑστῶσαν</em></strong></span> <span class='ocrx_word' id='word_1_178' title='bbox 606 3011 690 3084; x_wconf 73' lang='grc' dir='ltr'><strong><em>αὐτὴν</em></strong></span> <span class='ocrx_word' id='word_1_179' title='bbox 707 3010 745 3067; x_wconf 68' lang='grc' dir='ltr'><strong><em>ἐπ’</em></strong></span> <span class='ocrx_word' id='word_1_180' title='bbox 765 3010 846 3083; x_wconf 73' lang='grc' dir='ltr'><strong><em>αῦτῆς</em></strong></span> <span class='ocrx_word' id='word_1_181' title='bbox 862 3016 910 3073; x_wconf 66' lang='grc' dir='ltr'><strong><em>ἕξει</em></strong></span> <span class='ocrx_word' id='word_1_182' title='bbox 921 3015 993 3068; x_wconf 80' lang='lat' dir='ltr'><strong>stab.</strong></span> <span class='ocrx_word' id='word_1_183' title='bbox 1007 3013 1071 3066; x_wconf 88' lang='lat' dir='ltr'><strong>Patr.</strong></span> <span class='ocrx_word' id='word_1_184' title='bbox 1109 3012 1206 3066; x_wconf 75' lang='grc'><strong>11.12.</strong></span> <span class='ocrx_word' id='word_1_185' title='bbox 1224 3009 1462 3086; x_wconf 71' lang='grc' dir='ltr'><strong><em>ἀναστρεφομένας</em></strong></span> 
     </span>
     <span class='ocr_line' id='line_1_23' title="bbox 475 3093 1461 3170; baseline -0.002 -18"><span class='ocrx_word' id='word_1_186' title='bbox 475 3103 650 3153; x_wconf 75' lang='lat' dir='ltr'><strong>TurmFluss.</strong></span> <span class='ocrx_word' id='word_1_187' title='bbox 688 3101 728 3152; x_wconf 73' lang='lat' dir='ltr'><strong><em>l2.</em></strong></span> <span class='ocrx_word' id='word_1_188' title='bbox 746 3097 766 3169; x_wconf 77' lang='grc' dir='ltr'><em>ἢ</em></span> <span class='ocrx_word' id='word_1_189' title='bbox 784 3105 898 3170; x_wconf 69' lang='lat' dir='ltr'><strong>postolat</strong></span> <span class='ocrx_word' id='word_1_190' title='bbox 915 3099 1089 3153; x_wconf 86' lang='lat' dir='ltr'><strong>om.B.Stob.</strong></span> <span class='ocrx_word' id='word_1_191' title='bbox 1110 3093 1123 3167; x_wconf 75' lang='lat' dir='ltr'><strong><em>ll</em></strong></span> <span class='ocrx_word' id='word_1_192' title='bbox 1161 3095 1461 3166; x_wconf 66' lang='lat' dir='ltr'><strong>aiolraA&#39;l&#39;urn.Fluss.</strong></span> 
     </span>
     <span class='ocr_line' id='line_1_24' title="bbox 479 3181 1462 3256; baseline -0.004 -16"><span class='ocrx_word' id='word_1_193' title='bbox 479 3188 521 3240; x_wconf 83' lang='lat'><strong><em>15.</em></strong></span> <span class='ocrx_word' id='word_1_194' title='bbox 539 3188 571 3240; x_wconf 84' lang='grc' dir='ltr'><strong><em>τὸ</em></strong></span> <span class='ocrx_word' id='word_1_195' title='bbox 590 3184 668 3253; x_wconf 84' lang='grc' dir='ltr'><strong><em>αῦτὸ]</em></strong></span> <span class='ocrx_word' id='word_1_196' title='bbox 688 3186 724 3239; x_wconf 82' lang='grc' dir='ltr'><strong><em>’τά</em></strong></span> <span class='ocrx_word' id='word_1_197' title='bbox 742 3182 815 3240; x_wconf 83' lang='grc' dir='ltr'><strong><em>αῦτά</em></strong></span> <span class='ocrx_word' id='word_1_198' title='bbox 832 3187 914 3252; x_wconf 63' lang='lat' dir='ltr'><strong>Pau„</strong></span> <span class='ocrx_word' id='word_1_199' title='bbox 933 3181 1000 3239; x_wconf 85' lang='grc' dir='ltr'><strong><em>αῦτὸ</em></strong></span> <span class='ocrx_word' id='word_1_200' title='bbox 1016 3186 1059 3235; x_wconf 88' lang='grc' dir='ltr'><strong><em>ΑΒ</em></strong></span> <span class='ocrx_word' id='word_1_201' title='bbox 1079 3185 1158 3236; x_wconf 83' lang='lat' dir='ltr'><strong>Turn.</strong></span> <span class='ocrx_word' id='word_1_202' title='bbox 1171 3185 1251 3237; x_wconf 86' lang='lat' dir='ltr'><strong>Fluss.</strong></span> <span class='ocrx_word' id='word_1_203' title='bbox 1272 3182 1285 3256; x_wconf 77' lang='grc' dir='ltr'><strong><em>ΙΙ</em></strong></span> <span class='ocrx_word' id='word_1_204' title='bbox 1323 3183 1366 3238; x_wconf 76' lang='grc' dir='ltr'><strong><em>ἀεὶ</em></strong></span> <span class='ocrx_word' id='word_1_205' title='bbox 1383 3205 1462 3256; x_wconf 80' lang='grc' dir='ltr'><strong><em>στρε-</em></strong></span> 
     </span>
     <span class='ocr_line' id='line_1_25' title="bbox 477 3269 1463 3344; baseline -0.002 -19"><span class='ocrx_word' id='word_1_206' title='bbox 477 3272 600 3344; x_wconf 72' lang='grc' dir='ltr'><strong><em>φομένην]</em></strong></span> <span class='ocrx_word' id='word_1_207' title='bbox 623 3273 658 3324; x_wconf 87' lang='lat' dir='ltr'><strong><em>sic</em></strong></span> <span class='ocrx_word' id='word_1_208' title='bbox 679 3273 759 3335; x_wconf 77' lang='lat' dir='ltr'><strong>Patr,</strong></span> <span class='ocrx_word' id='word_1_209' title='bbox 792 3269 1023 3344; x_wconf 80' lang='grc' dir='ltr'><strong><em>ἀναστρεφομένην</em></strong></span> <span class='ocrx_word' id='word_1_210' title='bbox 1051 3272 1135 3334; x_wconf 67' lang='lat' dir='ltr'><strong>stou,</strong></span> <span class='ocrx_word' id='word_1_211' title='bbox 1162 3277 1338 3342; x_wconf 76' lang='grc' dir='ltr'><strong><em>στρεφομένην</em></strong></span> <span class='ocrx_word' id='word_1_212' title='bbox 1363 3271 1463 3340; x_wconf 88' lang='lat' dir='ltr'><strong>reliqui.</strong></span> 
     </span>
    </p>
   </div>
   <div class='ocr_carea' id='block_1_4' title="bbox 407 3405 1518 4517">
    <p class='ocr_par' dir='ltr' id='par_1_4' title="bbox 407 3405 1518 3569">
     <span class='ocr_line' id='line_1_26' title="bbox 407 3405 1518 3483; baseline -0.006 -18"><span class='ocrx_word' id='word_1_213' title='bbox 407 3417 549 3465; x_wconf 86' lang='lat' dir='ltr'><strong>moventur</strong></span> <span class='ocrx_word' id='word_1_214' title='bbox 568 3424 627 3462; x_wconf 87' lang='lat' dir='ltr'><strong>com</strong></span> <span class='ocrx_word' id='word_1_215' title='bbox 646 3405 744 3462; x_wconf 78' lang='lat' dir='ltr'><strong>motis?</strong></span> <span class='ocrx_word' id='word_1_216' title='bbox 767 3405 895 3483; x_wconf 84' lang='lat' dir='ltr'><strong>sphaeras</strong></span> <span class='ocrx_word' id='word_1_217' title='bbox 914 3407 984 3462; x_wconf 86' lang='lat' dir='ltr'><strong>euim</strong></span> <span class='ocrx_word' id='word_1_218' title='bbox 1003 3405 1098 3462; x_wconf 83' lang='lat' dir='ltr'><strong>dixisti</strong></span> <span class='ocrx_word' id='word_1_219' title='bbox 1116 3415 1235 3460; x_wconf 80' lang='lat' dir='ltr'><strong>errantes</strong></span> <span class='ocrx_word' id='word_1_220' title='bbox 1253 3406 1355 3460; x_wconf 86' lang='lat' dir='ltr'><strong>moveri</strong></span> <span class='ocrx_word' id='word_1_221' title='bbox 1373 3405 1406 3460; x_wconf 86' lang='lat' dir='ltr'><strong>ab</strong></span> <span class='ocrx_word' id='word_1_222' title='bbox 1424 3407 1462 3459; x_wconf 89' lang='lat' dir='ltr'><strong>in·</strong></span> <span class='ocrx_word' id='word_1_223' title='bbox 1515 3466 1518 3474; x_wconf 27' lang='grc' dir='ltr'>ι</span> 
     </span>
     <span class='ocr_line' id='line_1_27' title="bbox 407 3491 653 3569; baseline -0.024 -18"><span class='ocrx_word' id='word_1_224' title='bbox 407 3502 515 3551; x_wconf 81' lang='lat' dir='ltr'><strong>errante</strong></span> <span class='ocrx_word' id='word_1_225' title='bbox 533 3491 653 3569; x_wconf 83' lang='lat' dir='ltr'><strong>sphaera.</strong></span> 
     </span>
    </p>

    <p class='ocr_par' dir='ltr' id='par_1_5' title="bbox 408 3575 1469 4261">
     <span class='ocr_line' id='line_1_28' title="bbox 460 3575 1461 3656; baseline -0.004 -20"><span class='ocrx_word' id='word_1_226' title='bbox 460 3579 564 3636; x_wconf 86' lang='lat' dir='ltr'><strong>Herm.</strong></span> <span class='ocrx_word' id='word_1_227' title='bbox 600 3576 663 3634; x_wconf 88' lang='lat' dir='ltr'><strong><em>Non</em></strong></span> <span class='ocrx_word' id='word_1_228' title='bbox 686 3586 728 3634; x_wconf 87' lang='lat' dir='ltr'><strong><em>est</em></strong></span> <span class='ocrx_word' id='word_1_229' title='bbox 750 3576 830 3644; x_wconf 89' lang='lat' dir='ltr'><strong>haec,</strong></span> <span class='ocrx_word' id='word_1_230' title='bbox 853 3595 869 3630; x_wconf 93' lang='grc' dir='ltr'><strong><em>ο</em></strong></span> <span class='ocrx_word' id='word_1_231' title='bbox 888 3575 1013 3656; x_wconf 79' lang='lat' dir='ltr'><strong>Asclepi,</strong></span> <span class='ocrx_word' id='word_1_232' title='bbox 1038 3579 1181 3636; x_wconf 81' lang='lat' dir='ltr'><strong>commotio</strong></span> <span class='ocrx_word' id='word_1_233' title='bbox 1205 3575 1255 3632; x_wconf 85' lang='lat' dir='ltr'><strong><em>sed</em></strong></span> <span class='ocrx_word' id='word_1_234' title='bbox 1276 3577 1461 3632; x_wconf 87' lang='lat' dir='ltr'><strong>contramotio.</strong></span> 
     </span>
     <span class='ocr_line' id='line_1_29' title="bbox 408 3662 1463 3726; baseline -0.006 -2"><span class='ocrx_word' id='word_1_235' title='bbox 408 3668 554 3726; x_wconf 82' lang='lat' dir='ltr'><strong>nonenim</strong></span> <span class='ocrx_word' id='word_1_236' title='bbox 572 3663 654 3720; x_wconf 87' lang='lat' dir='ltr'><strong>simili</strong></span> <span class='ocrx_word' id='word_1_237' title='bbox 671 3662 752 3720; x_wconf 88' lang='lat' dir='ltr'><strong>modo</strong></span> <span class='ocrx_word' id='word_1_238' title='bbox 770 3671 913 3720; x_wconf 85' lang='lat' dir='ltr'><strong>moventur</strong></span> <span class='ocrx_word' id='word_1_239' title='bbox 930 3664 979 3720; x_wconf 86' lang='lat' dir='ltr'><strong><em>sed</em></strong></span> <span class='ocrx_word' id='word_1_240' title='bbox 999 3667 1133 3721; x_wconf 87' lang='lat' dir='ltr'><strong>contrario</strong></span> <span class='ocrx_word' id='word_1_241' title='bbox 1151 3663 1203 3720; x_wconf 83' lang='lat' dir='ltr'><strong>sibi</strong></span> <span class='ocrx_word' id='word_1_242' title='bbox 1221 3665 1340 3720; x_wconf 82' lang='lat' dir='ltr'><strong>invicem.</strong></span> <span class='ocrx_word' id='word_1_243' title='bbox 1360 3673 1463 3720; x_wconf 88' lang='lat' dir='ltr'><strong>eontra·</strong></span> 
     </span>
     <span class='ocr_line' id='line_1_30' title="bbox 408 3749 1463 3810; baseline -0.006 0"><span class='ocrx_word' id='word_1_244' title='bbox 408 3757 492 3810; x_wconf 81' lang='lat' dir='ltr'><strong>rietas</strong></span> <span class='ocrx_word' id='word_1_245' title='bbox 511 3761 599 3808; x_wconf 85' lang='lat' dir='ltr'><strong>autem</strong></span> <span class='ocrx_word' id='word_1_246' title='bbox 617 3751 799 3807; x_wconf 76' lang='lat' dir='ltr'><strong>resistentiam</strong></span> <span class='ocrx_word' id='word_1_247' title='bbox 817 3759 905 3806; x_wconf 89' lang='lat' dir='ltr'><strong>motus</strong></span> <span class='ocrx_word' id='word_1_248' title='bbox 924 3761 1039 3808; x_wconf 88' lang='lat' dir='ltr'><strong>stantem</strong></span> <span class='ocrx_word' id='word_1_249' title='bbox 1056 3749 1142 3806; x_wconf 89' lang='lat' dir='ltr'><strong>habet.</strong></span> <span class='ocrx_word' id='word_1_250' title='bbox 1162 3771 1221 3807; x_wconf 86' lang='lat' dir='ltr'><strong><em>nam</em></strong></span> <span class='ocrx_word' id='word_1_251' title='bbox 1240 3753 1393 3808; x_wconf 85' lang='lat' dir='ltr'><strong>resistentia</strong></span> <span class='ocrx_word' id='word_1_252' title='bbox 1411 3759 1463 3805; x_wconf 88' lang='lat' dir='ltr'><strong>sta-</strong></span> 
     </span>
     <span class='ocr_line' id='line_1_31' title="bbox 409 3835 1469 3915; baseline -0.008 -19"><span class='ocrx_word' id='word_1_253' title='bbox 409 3851 454 3896; x_wconf 87' lang='lat' dir='ltr'><strong>tus</strong></span> <span class='ocrx_word' id='word_1_254' title='bbox 476 3839 586 3894; x_wconf 87' lang='lat' dir='ltr'><strong>lationis</strong></span> <span class='ocrx_word' id='word_1_255' title='bbox 614 3845 670 3902; x_wconf 68' lang='grc' dir='ltr'><strong><em>τοῖς</em></strong></span> <span class='ocrx_word' id='word_1_256' title='bbox 697 3835 759 3899; x_wconf 84' lang='lat' dir='ltr'><strong>ideo</strong></span> <span class='ocrx_word' id='word_1_257' title='bbox 782 3845 809 3892; x_wconf 87' lang='lat' dir='ltr'><strong>et</strong></span> <span class='ocrx_word' id='word_1_258' title='bbox 832 3846 952 3894; x_wconf 82' lang='lat' dir='ltr'><strong>errantes</strong></span> <span class='ocrx_word' id='word_1_259' title='bbox 975 3837 1104 3915; x_wconf 82' lang='lat' dir='ltr'><strong>sphaerae</strong></span> <span class='ocrx_word' id='word_1_260' title='bbox 1131 3847 1223 3894; x_wconf 86' lang='lat' dir='ltr'><strong>eontra</strong></span> <span class='ocrx_word' id='word_1_261' title='bbox 1254 3859 1313 3894; x_wconf 87' lang='lat' dir='ltr'><strong><em>eum</em></strong></span> <span class='ocrx_word' id='word_1_262' title='bbox 1341 3855 1469 3892; x_wconf 70' lang='lat' dir='ltr'><strong>moveam</strong></span> 
     </span>
     <span class='ocr_line' id='line_1_32' title="bbox 410 3922 1465 4002; baseline -0.011 -20"><span class='ocrx_word' id='word_1_263' title='bbox 410 3936 455 3982; x_wconf 83' lang='lat' dir='ltr'><strong><em>tur</em></strong></span> <span class='ocrx_word' id='word_1_264' title='bbox 473 3926 527 4002; x_wconf 87' lang='lat' dir='ltr'><strong>ipsi</strong></span> <span class='ocrx_word' id='word_1_265' title='bbox 545 3922 690 3990; x_wconf 73' lang='lat' dir='ltr'><strong>inserenti,</strong></span> <span class='ocrx_word' id='word_1_266' title='bbox 711 3923 781 3978; x_wconf 85' lang='lat' dir='ltr'><strong>inter</strong></span> <span class='ocrx_word' id='word_1_267' title='bbox 802 3943 833 3980; x_wconf 87' lang='lat' dir='ltr'><strong><em>se</em></strong></span> <span class='ocrx_word' id='word_1_268' title='bbox 855 3925 972 3980; x_wconf 82' lang='lat' dir='ltr'><strong>invicem</strong></span> <span class='ocrx_word' id='word_1_269' title='bbox 990 3926 1124 3980; x_wconf 87' lang='lat' dir='ltr'><strong>contrario</strong></span> <span class='ocrx_word' id='word_1_270' title='bbox 1143 3944 1269 3990; x_wconf 80' lang='lat' dir='ltr'><strong>occursu,</strong></span> <span class='ocrx_word' id='word_1_271' title='bbox 1292 3942 1342 3998; x_wconf 82' lang='lat' dir='ltr'><strong>per</strong></span> <span class='ocrx_word' id='word_1_272' title='bbox 1361 3930 1465 3974; x_wconf 87' lang='lat' dir='ltr'><strong>comra-</strong></span> 
     </span>
     <span class='ocr_line' id='line_1_33' title="bbox 410 4009 1463 4086; baseline -0.012 -18"><span class='ocrx_word' id='word_1_273' title='bbox 410 4014 533 4068; x_wconf 84' lang='lat' dir='ltr'><strong>rietatem</strong></span> <span class='ocrx_word' id='word_1_274' title='bbox 550 4011 637 4086; x_wconf 86' lang='lat' dir='ltr'><strong>ipsam</strong></span> <span class='ocrx_word' id='word_1_275' title='bbox 654 4029 670 4063; x_wconf 87' lang='lat' dir='ltr'><strong>a</strong></span> <span class='ocrx_word' id='word_1_276' title='bbox 687 4017 776 4064; x_wconf 84' lang='lat' dir='ltr'><strong>stante</strong></span> <span class='ocrx_word' id='word_1_277' title='bbox 793 4020 947 4076; x_wconf 67' lang='lat' dir='ltr'><strong>moventem</strong></span> <span class='ocrx_word' id='word_1_278' title='bbox 969 4019 996 4066; x_wconf 84' lang='lat' dir='ltr'><strong>et</strong></span> <span class='ocrx_word' id='word_1_279' title='bbox 1013 4009 1091 4066; x_wconf 86' lang='lat' dir='ltr'><strong>aliter</strong></span> <span class='ocrx_word' id='word_1_280' title='bbox 1108 4029 1168 4065; x_wconf 87' lang='lat' dir='ltr'><strong>esse</strong></span> <span class='ocrx_word' id='word_1_281' title='bbox 1181 4010 1283 4082; x_wconf 88' lang='lat' dir='ltr'><strong>nequit.</strong></span> <span class='ocrx_word' id='word_1_282' title='bbox 1302 4023 1362 4058; x_wconf 88' lang='lat' dir='ltr'><strong><em>nam</em></strong></span> <span class='ocrx_word' id='word_1_283' title='bbox 1374 4011 1463 4057; x_wconf 89' lang='lat' dir='ltr'><strong>arctos</strong></span> 
     </span>
     <span class='ocr_line' id='line_1_34' title="bbox 410 4087 1462 4170; baseline -0.01 -16"><span class='ocrx_word' id='word_1_284' title='bbox 410 4097 501 4163; x_wconf 83' lang='lat' dir='ltr'><strong>hasce,</strong></span> <span class='ocrx_word' id='word_1_285' title='bbox 520 4115 587 4170; x_wconf 85' lang='lat' dir='ltr'><strong>quas</strong></span> <span class='ocrx_word' id='word_1_286' title='bbox 604 4093 679 4151; x_wconf 82' lang='lat' dir='ltr'><strong>vides</strong></span> <span class='ocrx_word' id='word_1_287' title='bbox 695 4115 782 4170; x_wconf 85' lang='lat' dir='ltr'><strong>neque</strong></span> <span class='ocrx_word' id='word_1_288' title='bbox 800 4094 924 4152; x_wconf 82' lang='lat' dir='ltr'><strong>occidere</strong></span> <span class='ocrx_word' id='word_1_289' title='bbox 937 4113 1025 4168; x_wconf 89' lang='lat' dir='ltr'><strong>neque</strong></span> <span class='ocrx_word' id='word_1_290' title='bbox 1038 4096 1112 4161; x_wconf 85' lang='lat' dir='ltr'><strong>oriri,</strong></span> <span class='ocrx_word' id='word_1_291' title='bbox 1130 4103 1157 4148; x_wconf 87' lang='lat' dir='ltr'><strong>et</strong></span> <span class='ocrx_word' id='word_1_292' title='bbox 1175 4095 1245 4148; x_wconf 84' lang='lat' dir='ltr'><strong>eirca</strong></span> <span class='ocrx_word' id='word_1_293' title='bbox 1263 4088 1333 4146; x_wconf 87' lang='lat' dir='ltr'><strong>idem</strong></span> <span class='ocrx_word' id='word_1_294' title='bbox 1350 4087 1462 4158; x_wconf 82' lang='lat' dir='ltr'><strong>revolvi,</strong></span> 
     </span>
     <span class='ocr_line' id='line_1_35' title="bbox 412 4180 871 4261; baseline -0.009 -20"><span class='ocrx_word' id='word_1_295' title='bbox 412 4193 527 4261; x_wconf 80' lang='lat' dir='ltr'><strong>putasne</strong></span> <span class='ocrx_word' id='word_1_296' title='bbox 545 4180 587 4238; x_wconf 85' lang='lat' dir='ltr'><strong>vel</strong></span> <span class='ocrx_word' id='word_1_297' title='bbox 605 4183 707 4244; x_wconf 81' lang='lat' dir='ltr'><strong>moveri</strong></span> <span class='ocrx_word' id='word_1_298' title='bbox 723 4182 766 4238; x_wconf 85' lang='lat' dir='ltr'><strong>vel</strong></span> <span class='ocrx_word' id='word_1_299' title='bbox 783 4183 871 4238; x_wconf 80' lang='lat' dir='ltr'><strong>stare?</strong></span> 
     </span>
    </p>

    <p class='ocr_par' dir='ltr' id='par_1_6' title="bbox 466 4266 938 4341">
     <span class='ocr_line' id='line_1_36' title="bbox 466 4266 938 4341; baseline -0.011 -17"><span class='ocrx_word' id='word_1_300' title='bbox 466 4266 554 4324; x_wconf 79' lang='lat' dir='ltr'><strong>Asel.</strong></span> <span class='ocrx_word' id='word_1_301' title='bbox 590 4266 701 4337; x_wconf 67' lang='lat' dir='ltr'><strong>moveri,</strong></span> <span class='ocrx_word' id='word_1_302' title='bbox 720 4289 736 4323; x_wconf 94' lang='grc' dir='ltr'><strong><em>ο</em></strong></span> <span class='ocrx_word' id='word_1_303' title='bbox 754 4267 938 4341; x_wconf 82' lang='lat' dir='ltr'><strong>Trismegiste.</strong></span> 
     </span>
    </p>

    <p class='ocr_par' dir='ltr' id='par_1_7' title="bbox 464 4350 960 4430">
     <span class='ocr_line' id='line_1_37' title="bbox 464 4350 960 4430; baseline -0.012 -20"><span class='ocrx_word' id='word_1_304' title='bbox 464 4352 567 4410; x_wconf 84' lang='lat' dir='ltr'><strong>Herm.</strong></span> <span class='ocrx_word' id='word_1_305' title='bbox 603 4352 678 4411; x_wconf 84' lang='lat' dir='ltr'><strong>Motu</strong></span> <span class='ocrx_word' id='word_1_306' title='bbox 696 4353 778 4430; x_wconf 89' lang='lat' dir='ltr'><strong>quali,</strong></span> <span class='ocrx_word' id='word_1_307' title='bbox 797 4373 813 4407; x_wconf 96' lang='lat' dir='ltr'><strong>o</strong></span> <span class='ocrx_word' id='word_1_308' title='bbox 831 4350 960 4425; x_wconf 68' lang='lat' dir='ltr'><strong>Asclepii</strong></span> 
     </span>
    </p>

    <p class='ocr_par' dir='ltr' id='par_1_8' title="bbox 465 4431 1162 4517">
     <span class='ocr_line' id='line_1_38' title="bbox 465 4431 1162 4517; baseline -0.01 -20"><span class='ocrx_word' id='word_1_309' title='bbox 465 4439 551 4498; x_wconf 78' lang='lat' dir='ltr'><strong>Asel.</strong></span> <span class='ocrx_word' id='word_1_310' title='bbox 587 4439 641 4510; x_wconf 82' lang='lat' dir='ltr'><strong>lio,</strong></span> <span class='ocrx_word' id='word_1_311' title='bbox 665 4443 711 4517; x_wconf 85' lang='lat' dir='ltr'><strong>qui</strong></span> <span class='ocrx_word' id='word_1_312' title='bbox 735 4440 805 4494; x_wconf 86' lang='lat' dir='ltr'><strong>eirea</strong></span> <span class='ocrx_word' id='word_1_313' title='bbox 823 4435 894 4494; x_wconf 84' lang='lat' dir='ltr'><strong>idem</strong></span> <span class='ocrx_word' id='word_1_314' title='bbox 912 4453 1019 4512; x_wconf 83' lang='lat' dir='ltr'><strong>semper</strong></span> <span class='ocrx_word' id='word_1_315' title='bbox 1036 4431 1162 4493; x_wconf 81' lang='lat' dir='ltr'><strong>volvitur.</strong></span> 
     </span>
    </p>
   </div>
   <div class='ocr_carea' id='block_1_5' title="bbox 0 0 1768 5434">
    <p class='ocr_par' dir='ltr' id='par_1_9' title="bbox 0 0 1768 5434">
     <span class='ocr_line' id='line_1_39' title="bbox 0 0 1768 5434; baseline 0 0"><span class='ocrx_word' id='word_1_316' title='bbox 0 0 1768 5434; x_wconf 95' lang='lat' dir='ltr'><strong><em> </em></strong></span> 
     </span>
    </p>
   </div>
  </div>
 </body>
</html>
