3517 5434
842 728 909 796 Περὶ
927 725 1039 793 νοήσεως

365 1126 385 1191 9
663 1112 804 1199 Ἑρμοῦ
826 1117 898 1180 τοῦ
920 1117 1219 1202 τρισμεγίστου

408 1229 500 1311 περὶ
523 1224 703 1305 νοήσεως
725 1211 793 1289 καὶ
822 1222 1077 1305 αἰσθήσεως,
1107 1231 1175 1290 καὶ
1205 1222 1269 1292 ὅτι
1294 1234 1334 1292 ἐν
1356 1227 1465 1313 μόνῳ

408 1341 461 1421 τῷ
482 1341 568 1422 θεῷ
590 1334 634 1403 τό
656 1332 784 1402 καλόν
814 1339 883 1401 καὶ
904 1332 949 1402 τό
980 1333 1148 1421 ἀγαθόν
1177 1344 1305 1416 ἐστιν,
1335 1339 1501 1406 ἀλλα-3

744 1445 847 1533 χόθι
870 1449 911 1512 δὲ
935 1447 1125 1531 οὐδαμοῦ.

143 1631 203 1695 ιμ’
364 1611 378 1675 1
473 1616 585 1693 Χθές,
615 1606 641 1680 ὦ
667 1613 855 1692 Ἀσκληπιέ,
890 1607 949 1676 τόν
978 1615 1101 1710 finon
1130 1609 1323 1680 ἀποδέδωκα
1353 1612 1461 1706 μόνον,

407 1728 467 1792 νῦν
483 1728 517 1791 δὲ
532 1725 716 1811 ἀναγκαῖον
731 1723 875 1808 ἡγοῦμαι
891 1719 1083 1790 ἀκόλουθον
1106 1727 1216 1808 ἐκείνῳ
1231 1729 1286 1790 καὶ
1308 1721 1367 1790 τόν
1387 1730 1461 1810 περὶ
1482 1740 1499 1792 6

407 1834 597 1918 αἰσθήσεως
625 1833 725 1918 λόγον
754 1832 945 1914 διεξελθεῖν.
990 1835 1150 1916 αἴσθησις
1178 1831 1242 1924 γὰρ
1272 1839 1327 1902 καὶ
1348 1833 1463 1918 νόησις

406 1945 574 2039 διαφοράν
603 1950 662 2030 μὲν
685 1948 839 2012 δοκοῦσιν
861 1949 957 2034 ἔχειν,
987 1941 1039 2012 ὅτι
1061 1943 1081 2026 ἡ
1104 1950 1164 2030 μὲν
1185 1946 1278 2030 ὑλική
1308 1955 1410 2028 ἐστιν,
1438 1948 1459 2031 ἡ

406 2062 440 2125 δὲ
463 2055 638 2138 οὐσιόδης·
668 2060 741 2141 ἐμοὶ
772 2059 806 2122 δὲ
830 2060 984 2124 δοκοῦσιν
1012 2054 1200 2145 ἀμφότεραι
1227 2057 1384 2139 ἡνῶσθαι
1405 2064 1495 2126 καὶ9

404 2167 461 2253 μὴ·
481 2171 687 2256 διαιρεῖσθαι
714 2174 749 2232 ἐν
779 2165 974 2256 ἀνθρώποις
1003 2165 1098 2254 λόγῳ.
1146 2175 1181 2235 ἐν
1209 2169 1273 2256 γὰρ
1302 2183 1372 2247 τοῖς
1401 2167 1461 2236 ἅλ-

406 2284 475 2354 λοις
498 2277 634 2358 ζώοιςὴ
664 2277 824 2358 αἴσθησις
850 2284 890 2368 τῇ
913 2275 1011 2368 φύσει
1039 2277 1175 2361 ἥνωται,
1205 2288 1239 2346 ὲν
1268 2284 1301 2346 δὲ
1323 2279 1459 2368 ἀνθρώ-

404 2415 479 2466 ποις
507 2387 528 2470 ἡ
557 2388 680 2470 νόησις.
731 2385 876 2468 νοήσεως
905 2392 939 2455 δὲ
969 2388 987 2454 ὁ
1018 2395 1095 2468 νοῦς
1125 2394 1272 2483 διαφέρει
1300 2395 1461 2460 τοσοῦτον
1479 2409 1513 2460 12

406 2499 487 2567 ὅσον
510 2499 528 2566 ὁ
551 2497 635 2576 θεός
658 2497 843 2580 θειότητος.
872 2499 892 2580 ἡ
916 2503 975 2585 μὲν
991 2496 1054 2589 γὰρ
1071 2499 1207 2584 θειότης
1221 2499 1285 2569 ὑπὸ
1300 2508 1360 2571 τοῦ
1374 2508 1461 2571 θεοῦ

404 2616 537 2695 γίνεται,
560 2611 581 2693 ἡ
606 2613 639 2678 δὲ
661 2608 776 2702 νόησις
797 2607 862 2677 ὑπὸ
885 2615 945 2678 τοῦ
967 2617 1040 2692 νοῦ,
1064 2609 1192 2708 ἀδελφὴ
1216 2605 1300 2680 οὖσα
1324 2620 1383 2683 τοῦ
1404 2614 1459 2682 λό-
1617 2633 1621 2720 l

1617 2727 1620 2774 l

476 2842 500 2893 l.
516 2841 614 2915 Ἑρμοῦ
631 2841 681 2895 τοῦ
698 2846 886 2914 τρισμεμιστου
904 2865 955 2898 om.
975 2844 1005 2895 B.
1077 2843 1138 2894 2-
1150 2844 1176 2896 4.
1196 2848 1241 2897 καὶ
1259 2845 1412 2914 αἰσθήσεως
1427 2875 1457 2886 -

475 2925 597 3001 οὗδαμοῦ
614 2951 664 2982 om.
683 2930 750 2981 Patr.
807 2931 833 2980 2.
852 2933 897 2982 καὶ
915 2946 970 2984 ante
989 2927 1032 2982 ότι
1049 2951 1099 2982 om.
1119 2931 1149 2980 B.
1221 2932 1246 2983 3.
1265 2932 1296 2984 τό
1315 2947 1371 2984 ante
1389 2927 1459 3000 οἶμοι-

474 3013 528 3070 θόν
545 3039 595 3069 om.
614 3015 645 3070 B.
736 3017 760 3068 7.
783 3014 883 3083 νόησις]
906 3018 941 3068 sic
959 3019 1032 3081 Verg.
1052 3017 1132 3067 Flnse.
1156 3016 1234 3078 Peon,
1258 3020 1354 3085 κίνησις
1378 3017 1458 3068 ceteri.

477 3104 516 3156 10.
535 3100 614 3171 λόγῳ]
633 3103 669 3154 eie
687 3106 708 3152 Α
728 3104 817 3162 Turn„
835 3105 897 3169 λέγω
917 3101 1000 3153 ceteri.
1061 3101 1100 3150 12.
1120 3102 1147 3151 δὲ
1165 3121 1215 3152 om.
1236 3105 1265 3153 A.
1286 3097 1299 3168 ll
1337 3105 1459 3172 διαφέρε-

474 3209 520 3242 ται
538 3190 603 3240 Ρεῑε.
677 3187 716 3240 lt.
736 3185 795 3252 νοῦ]
814 3182 963 3257 ἆτθρόιιου
982 3187 1013 3235 Α.
1035 3179 1048 3250 ΙΙ
1069 3179 1183 3253 ἀδελφὸς
1201 3189 1232 3235 Α.

734 3385 896 3447 Hermetis
925 3381 1128 3466 Trismegisti

404 3498 443 3561 de
464 3497 629 3561 intellectu
651 3503 684 3559 et
706 3515 811 3574 sensu,
835 3501 868 3556 et
890 3491 976 3574 quod
998 3491 1031 3554 in
1054 3489 1122 3554 solo
1145 3487 1204 3554 deo
1227 3491 1395 3576 pulchrum
1419 3518 1457 3560 ac

672 3604 801 3684 bonum,
824 3601 900 3666 alibi
922 3624 998 3668 vero
1021 3621 1186 3685 nusquam.

403 3859 471 3911 rium
488 3862 565 3932 puto,
584 3861 780 3927 consequenter
797 3853 838 3910 illi
857 3856 936 3910 etiem
955 3855 989 3911 (le
1007 3873 1090 3911 sensu
1108 3854 1249 3911 disserere.
1278 3874 1374 3911 sentus
1386 3877 1457 3912 nam·

404 3962 456 4018 que
480 3950 507 3997 et
529 3937 678 3995 intellectio
700 3938 877 3997 differentiam
899 3942 1025 3998 videntur
1047 3941 1160 4009 habere,
1184 3941 1258 4017 qnod
1280 3942 1387 4016 quidem
1410 3941 1457 3996 ille

402 4025 547 4083 materialis
569 4027 618 4091 eit,
644 4024 710 4083 haec
733 4046 796 4083 vero
824 4028 990 4097 essentialis3
1018 4029 1083 4084 mihi
1105 4048 1168 4084 vero
1190 4028 1318 4084 videntne
1344 4036 1456 4100 utraque

402 4115 475 4168 unita
493 4131 554 4167 esee
575 4132 663 4189 neque
685 4112 770 4168 dividi
789 4116 816 4169 in
835 4115 988 4171 hominibus
1011 4117 1121 4170 ratione.
1158 4134 1218 4169 nam
1237 4115 1264 4167 in
1283 4111 1343 4164 eliis
1362 4113 1457 4167 animn-

402 4198 473 4254 libue
492 4217 588 4253 senene
611 4209 721 4255 naturae
743 4209 786 4255 eet
804 4203 908 4270 unitae,
931 4205 959 4257 in
978 4202 1130 4258 hominibus
1148 4220 1211 4255 vero
1229 4196 1385 4253 intellectio.
1423 4199 1455 4254 ab

402 4285 586 4341 intellectione
609 4285 763 4343 intellectus
792 4286 884 4343 differt
905 4298 1008 4344 tantum
1030 4296 1157 4363 quantum
1181 4285 1247 4340 (leue
1271 4305 1285 4338 ε
1309 4283 1456 4342 divinitate.

404 4372 530 4429 (livinitus
549 4375 619 4428 enim
638 4372 715 4428 odeo
734 4372 774 4440 lit,
792 4373 940 4430 intellectio
953 4395 1018 4431 vero
1036 4374 1068 4429 ab
1081 4371 1227 4439 intellectu,
1246 4391 1325 4426 soror
1337 4374 1456 4427 existens

405 4462 546 4542 οεοῑῇοοίε,
566 4469 593 4515 et
612 4469 675 4517 eunt
692 4479 789 4534 organa
808 4461 860 4518 sibi
878 4464 999 4518 invicem.
1037 4461 1211 4534 nequeenim
1229 4477 1318 4514 sermo
1337 4479 1404 4514 voce
1422 4457 1458 4512 el·

456 3771 529 3837 lieri,
548 3789 565 3824 o
584 3765 709 3842 ΑεεΙεμί,
727 3763 874 3840 perlectum
894 3766 967 3824 edidi
985 3786 1144 3836 sermonem,
1164 3786 1234 3823 nnnc
1252 3788 1317 3824 vero
1336 3789 1456 3826 necessa·

1611 4096 1619 4161 l
