3517 5434
849 650 888 711 97

319 841 374 902 με,
403 820 421 884 ό
444 815 534 894 θεός,
554 814 632 880 κατά
653 817 688 880 τό
714 815 794 901 μέγα
816 814 905 886 ἐλεός
927 839 982 880 σου
1004 816 1055 880 καὶ
1078 815 1156 880 κατὰ
1176 817 1211 882 τό
1234 815 1355 901 πλῆθος
1374 821 1434 880 τῶν

319 917 481 1000 οἰκτιρμῶν
501 937 556 978 συυ
575 913 736 999 ἐξάλειψον
753 916 787 978 τό
804 912 952 998 ἀνόμημά
971 936 1042 998 μου.
1077 913 1126 978 ἐπὶ
1139 917 1245 978 πλεῖον
1263 914 1376 978 πλύνόν
1397 937 1435 998 με

318 1013 380 1078 ἀπὸ
403 1016 457 1096 τῆς
477 1012 607 1096 ἀνομίας
628 1033 699 1096 μου,
720 1011 771 1074 καί
792 1012 852 1074 ἀπό
874 1014 929 1094 τῆς
947 1011 1098 1096 ἁμαρτίας
1119 1034 1177 1096 μου
1195 1010 1362 1096 καθάρισόν
1385 1033 1434 1096 με.

319 1113 367 1174 σοὶ
395 1109 480 1196 μόνιρ
508 1111 644 1195 ήμαρτον
674 1109 726 1173 καὶ
747 1111 782 1174 τὸ
801 1111 937 1194 πονηρδν
962 1107 1092 1174 ἐνώπιόν
1119 1131 1173 1172 σου
1199 1109 1363 1194 ἐποίησα“.
1406 1109 1441 1172 εἰ-

319 1209 353 1272 δὲ
386 1207 485 1287 ἴσασι,
517 1212 556 1290 πή
582 1206 758 1291 κακομυθίηι
788 1206 1005 1292 ἐχεμυθοόσιν.
1061 1207 1184 1294 ἀδελφά
1213 1205 1267 1272 οὐν
1296 1205 1333 1269 τά
1359 1205 1468 1290 πρά-5

317 1327 433 1390 γματα,
468 1303 575 1388 όμοιαι
608 1306 640 1370 αί
671 1303 797 1374 εἰκόνες.
850 1305 902 1370 καὶ
932 1304 995 1368 ῶδε
1029 1305 1083 1389 μὲν
1107 1303 1240 1390 Πέτρος,
1274 1303 1341 1367 ἐκεῖ
1360 1303 1432 1366 δέό

319 1403 520 1487 ίεροψάλτης,
554 1400 639 1472 όπως
666 1404 718 1468 καὶ
750 1404 892 1488 μεγάλων
922 1402 1094 1487 ἀνθρώπων
1116 1402 1267 1488 πτώματα
1291 1402 1435 1486 μεγάλοις

317 1501 368 1564 καὶ
382 1500 611 1584 συγχωρήσεσιν
626 1500 713 1586 ἰαθή.
739 1501 791 1564 καί
812 1503 877 1568 τοῖς
896 1501 1015 1585 μεγάλα
1037 1500 1209 1586 ήτοπηκόσι
1231 1499 1325 1586 μέγας
1345 1499 1395 1560 καί
1417 1498 1433 1562 ό

317 1595 482 1682 γενόμενος
510 1595 609 1666 ἔλεος.
658 1599 771 1683 εἰμὲν
804 1594 857 1660 οὖν
888 1599 1086 1683 θαυμάζουσι
1117 1599 1155 1662 τὰ
1191 1597 1355 1682 εὐαγγέλια
1389 1593 1435 1658 ότι
1541 1645 1543 1650 .

318 1693 434 1779 Πέτρος
458 1695 598 1779 ἠλεήθη,
630 1693 875 1780 θαυμαίέτωσαν
900 1693 945 1758 ότι
967 1698 1019 1760 καί
1040 1698 1137 1762 Δαυὶδ
1160 1697 1305 1782 ἠλέηται,
1340 1693 1367 1758 εἰ
1398 1693 1432 1756 δέ
1452 1710 1485 1764 10

318 1793 472 1856 αἰτιῶνται
494 1792 541 1856 ότι
562 1794 638 1878 μετά
658 1792 772 1857 τοσάδε
795 1791 852 1856 οὐκ
877 1793 994 1880 ἀφείθη
1018 1796 1034 1859 ό
1057 1795 1166 1874 Δαυίδ,
1193 1795 1268 1858 οὐδὲ
1292 1791 1435 1878 φεύξεται

318 1891 359 1954 δι’
381 1889 493 1958 αὐτοὺς
511 1891 566 1974 τήν
588 1892 685 1956 αἰτίαν
705 1891 780 1954 οὐδὲ
798 1892 815 1956 ό
833 1889 960 1976 Πέτρος.
997 1893 1049 1956 καὶ
1067 1891 1148 1962 δόξει
1167 1892 1222 1976 μὲν
1242 1891 1319 1956 κατὰ
1338 1889 1434 1974 μόνον

318 1989 415 2052 Δαυίδ
447 1986 524 2057 εἰναι
553 1988 572 2071 ή
603 1989 700 2066 αἰτία,
731 1995 771 2074 πή
798 1988 834 2052 δέ
866 1989 996 2074 δυνάμει
1025 1989 1312 2075 κατηγορηθήσεται
1339 1988 1390 2050 καί
1417 1989 1433 2050 ό

318 2083 434 2168 Πέτρος
463 2091 502 2169 τῇ
532 2085 612 2170 αὐτή
637 2085 815 2171 κατηγορίᾳ.
856 2086 885 2150 εἰ
913 2085 948 2150 δὲ
977 2087 1127 2172 φήσουσιν
1158 2085 1203 2151 ότι
1230 2086 1309 2169 καλὴ
1335 2083 1433 2168 μένή

318 2185 528 2268 συγχώρησις,
558 2181 651 2269 μέχρι
675 2183 710 2247 δὲ
739 2183 808 2251 ἑνός
834 2184 853 2266 ή
877 2185 1071 2268 συγχώρησις
1098 2189 1152 2247 τοῦ
1177 2185 1313 2247 παλαιοῦ
1335 2180 1431 2265 νόμου
1453 2198 1485 2252 15

317 2278 450 2366 ἔφθασε,
468 2279 589 2364 πληθὺς
608 2281 643 2344 δέ
663 2280 797 2345 ἐνταῦθα
820 2283 1047 2366 συγχωρήσεως
1066 2283 1117 2346 καί
1136 2281 1270 2365 πέλαγος
1289 2278 1435 2366 ἀφέσεως

316 2379 369 2442 καὶ
391 2378 480 2464 φωνή
504 2377 568 2440 ἐστι
590 2379 760 2464 βεβοηκυῖα
784 2380 893 2456 ,δεῦτε
916 2379 993 2464 πρὸς
1016 2379 1065 2462 μέ,
1087 2380 1197 2448 πάντες
1217 2379 1247 2442 οἱ
1268 2381 1435 2447 κοπιῶντες

316 2475 369 2538 καὶ
399 2475 639 2560 πεφορτισμένοι
670 2475 756 2560 κάγὼ
792 2475 963 2540 ἀναπαύσω
999 2477 1108 2560 όμάς“,
1138 2477 1363 2560 ἀναγνώτωσαν
1397 2475 1435 2540 τὰ

315 2571 435 2636 παλαιὰ
455 2573 506 2637 καὶ
526 2573 636 2658 θαῦμα
656 2579 717 2637 τῶν
739 2572 960 2659 γεγραμμένων
983 2573 1235 2661 λαμβανέτωσαν.
1283 2571 1311 2650 εἰ
1334 2571 1369 2634 δέ
1392 2571 1431 2635 δι’

317 2669 521 2755 ἀμελετησίαν
543 2675 607 2740 τοῖς
626 2671 801 2756 γράμμασιν
814 2672 959 2757 ἐντυχεῖν
983 2673 1040 2736 οὐκ
1064 2671 1243 2756 ἀνέχονται,
1274 2664 1432 2754 κάνταῦθα
1449 2686 1485 2742 ρο

316 2773 369 2850 τῆς
402 2768 500 2836 αἰτίας
530 2768 642 2852 ταύτης
676 2767 965 2833 ἀπαλλαττέτωσαν.
1017 2770 1034 2834 ό
1069 2769 1171 2852 σωτήρ
1206 2765 1289 2849 λέγει
1325 2765 1434 2844 ,δεῦτε

315 2867 425 2934 πάντες
452 2867 482 2929 υἱ
503 2873 669 2935 κοπιῶντες
690 2868 741 2931 καί
761 2865 1001 2951 πεφορτισμένοι
1023 2866 1107 2951 κάγὼ
1128 2863 1299 2928 ἀναπαύσω
1324 2863 1434 2948 ὑμάς“,

317 2961 431 3027 οὐδένα
461 2965 585 3048 παρείς,
621 2963 741 3048 μηδένα
767 2963 947 3039 ἀπολιπών,
975 2963 1090 3032 πάντας
1115 2963 1301 3047 περιλαβών.
1354 2963 1370 3028 ό
1399 2962 1434 3026 δέ

317 3059 501 3145 ίεροψάλτης
521 3061 604 3145 λέγει
627 3062 745 3140 ,πάντα
760 3061 798 3125 τά
814 3058 901 3146 ἔθνη,
919 3061 1089 3146 κρατήσατε
1105 3063 1243 3146 χεῖρας“.
1276 3061 1327 3124 καὶ
1342 3061 1433 3124 πάλιν

318 3158 539 3239 ,ἐνωτίσασθε,
558 3161 670 3230 πάντες
689 3160 719 3223 οἱ
738 3163 950 3228 κατοικοῦντες
969 3159 1022 3242 τήν
1046 3156 1228 3241 οἰκουμένην
1250 3157 1285 3220 οἰ
1297 3181 1330 3222 τε
1344 3181 1430 3242 γηγε-
1449 3173 1503 3228 π·

316 3261 378 3324 νεῖς
395 3257 447 3319 καὶ
469 3257 530 3320 υἱοὶ
553 3261 613 3320 τῶν
632 3257 817 3342 ἀνθρώπων,
840 3255 890 3320 ἐπὶ
910 3257 944 3320 τὸ
967 3254 1041 3319 αὐτὸ
1066 3255 1214 3322 πλοόσιος
1235 3255 1286 3317 καὶ
1308 3254 1434 3340 πένης“.

315 3353 425 3424 πάντες
444 3354 475 3425 ἐξ
494 3353 687 3437 εὐαγγελίου,
704 3355 813 3424 πάντες
831 3353 867 3419 ἐκ
883 3352 979 3438 νόμου
994 3353 1175 3438 κεκίνηνται.
1210 3350 1323 3416 οὐδένα
1337 3375 1433 3438 παρα-

317 3450 445 3514 λέλοιπε
473 3452 507 3515 τὸ
536 3449 734 3534 εὐαγγέλιον,
766 3450 880 3516 οὐδένα
910 3451 1028 3538 ἀφῆκεν
1056 3452 1073 3516 ό
1101 3449 1204 3535 νόμος.
1256 3448 1370 3536 ἐβόησε
1398 3451 1432 3514 τό

316 3546 495 3630 εὐαγγέλιον
527 3551 742 3632 ,μετανοεῖτε,
764 3548 869 3634 ήγγικε
890 3548 947 3634 γὰρ
969 3550 989 3633 ή
1015 3549 1157 3636 βασιλεία
1177 3551 1237 3611 τῶν
1263 3545 1434 3632 οὐρανῶν“.
1560 3552 1565 3560 “

315 3645 391 3728 πρὸς
420 3645 536 3716 πάντας
567 3647 671 3730 ἀφῆκε
698 3647 752 3729 τήν
782 3647 903 3730 όμιλίαν
931 3645 1061 3730 ταύτην,
1096 3644 1238 3709 πταίουσι
1265 3643 1432 3728 διελέγετο,
1443 3649 1485 3714 ’30

316 3741 523 3827 ἐσφαλμένοις
542 3743 668 3828 ώμιλει,
691 3740 752 3827 ήδη
776 3743 909 3808 θάνατον
933 3745 1110 3828 όφειλουσιν
1133 3739 1319 3828 ἐφθέγγετο,
1349 3741 1433 3806 ἐλευ-

315 3839 421 3924 θερίαν
456 3841 507 3904 διὰ
538 3845 593 3904 τοῦ
620 3839 814 3925 κηρόγματος
842 3841 1120 3926 προεμνηστεόετο.
1173 3839 1352 3924 ἐπεδήμησε
1383 3839 1434 3902 καὶ

312 3934 419 4008 Ἰωνᾶς
438 3938 470 4002 ἐν
489 3945 530 4024 τή
548 3935 665 4016 Νινευί,
685 3937 717 4003 ἐν
736 3937 828 4003 πόλει
847 3937 884 4002 οὐ
906 3943 998 4023 μικρᾷ
1030 3937 1062 4002 ἐν
1084 3937 1167 4002 ἔθνει
1184 3937 1433 4022 πολυανθρώπιρ.

315 4035 368 4118 τήν
390 4037 519 4119 ἀπειλὴν
545 4033 653 4115 ἔδειξε,
679 4038 732 4120 τήν
757 4036 907 4121 ἐπιτιμίαν
931 4034 987 4100 οὐκ
1010 4035 1199 4119 ἐσιώπησεν,
1224 4033 1337 4120 ἐβόησε
1358 4035 1433 4118 πλη-

315 4137 424 4202 κτικῶς
454 4139 498 4219 τῷ
530 4133 633 4219 λόγῳ,
670 4133 735 4197 εἰδε
762 4134 834 4203 τοδς
863 4132 994 4217 ἀνδρας,
1030 4133 1073 4202 εἰς
1103 4130 1266 4216 μετάθεσιν
1295 4129 1433 4216 ἤνεγκεν,
1450 4143 1485 4200 ³5

316 4229 489 4299 ἀπολύτους
506 4235 560 4315 τῆς
580 4231 731 4315 ἁμαρτίας
750 4232 924 4316 εἰργάσατο,
944 4231 964 4314 ἡ
986 4226 1276 4316 προκατηγγελμένη
1301 4227 1434 4313 ἐπιτιμία

316 4325 436 4412 ηἰχετο,
473 4326 561 4399 ἔλεος
588 4328 765 4414 διεδέχετο,
796 4330 831 4393 τό
861 4326 1048 4412 ζητούμενον
1076 4327 1211 4412 γέγονεν.
1262 4324 1298 4390 οὐ
1326 4325 1384 4411 γὰρ
1412 4327 1432 4408 ή

315 4430 375 4487 τῶν
399 4425 573 4509 ἀνθρώπων
596 4427 749 4510 ἀναίρεσις
768 4426 917 4511 ἐζητεῖτο,
938 4424 1008 4488 ἀλλ’
1026 4427 1045 4510 ή
1063 4430 1123 4490 τῶν
1139 4421 1260 4508 τρόπων
1276 4423 1432 4510 μεταβολὴ

314 4521 475 4606 ήρευνάτο.
519 4524 570 4587 καὶ
598 4522 705 4608 ἐπειδὴ
730 4521 838 4606 γέγονε
859 4523 894 4586 τὸ
919 4522 1050 4606 ζητηθέν
1072 4522 1124 4586 καί
1147 4520 1381 4606 μετεβλήθησαν
1405 4521 1434 4582 οἱ
