3517 5434
266 668 277 683 ·
351 651 378 704 A
399 648 521 704 12-15.
897 635 919 696 8

350 804 402 868 καὶ
423 801 597 866 τούναντίον
625 800 644 864 ό
667 823 759 885 φασιν
783 800 909 885 ἕλκηται
935 802 969 864 τὸ
998 803 1150 886 μηδαμῶς
1172 802 1222 864 ἀν·
1253 801 1289 864 οὒ
1308 804 1366 888 γάρ
1387 805 1483 866 ἀντι-

352 899 522 984 στρέφομεν
543 899 630 982 -ἥ
660 898 756 983 ἀμφοι
782 900 872 962 κακά.
928 899 962 962 τὸ
985 897 1043 982 γάρ
1065 898 1211 982 ἀγένητον
1242 901 1364 968 πάντως
1393 901 1481 983 ἀγυι-

350 996 417 1061 θόν.
464 995 573 1060 αὐτίκα
594 993 741 1079 ἀγένητος
769 995 785 1058 ό
815 995 889 1066 θεὸς
916 996 1082 1080 ὑπάρχων,
1114 995 1175 1081 ἀρα
1199 997 1273 1061 αὐτὸ
1297 999 1331 1061 τὸ
1355 999 1395 1082 μὴ
1424 1019 1481 1080 γε·

349 1094 481 1178 νηθῆναι
506 1097 550 1162 ὡς
577 1093 672 1157 κακὸν
702 1089 783 1177 ἔχεις
816 1091 981 1176 οὐδαμῶς,
1012 1093 1082 1155 ἀλλ’
1117 1097 1160 1162 ὡς
1189 1095 1307 1178 ἀγαθὸν
1337 1096 1481 1179 δηλαδή.

316 1192 395 1261 ὅτίς
416 1190 470 1254 οόν
492 1192 512 1274 ἡ
535 1191 751 1274 ἀποκλήρωσις
770 1188 857 1252 τοῦτ’
887 1188 961 1253 αὐτό
984 1191 1110 1273 πρᾶγμά
1132 1213 1164 1254 τε
1187 1194 1239 1254 καὶ
1263 1192 1361 1276 ὄνομα
1383 1191 1481 1276 παρὰ

351 1289 407 1372 μὲν
431 1293 475 1375 τῷ
496 1288 563 1373 θεῷ
583 1285 677 1350 καλόν
699 1287 806 1349 τεκαὶ
830 1286 946 1368 ἀγαθὸν
970 1286 1058 1364 εἶναι,
1086 1288 1169 1373 παρὰ
1193 1289 1229 1351 δὲ
1248 1294 1289 1372 τῇ
1307 1290 1481 1373 κακίφ(ὥς

352 1392 442 1471 φασι)
464 1385 649 1461 τούναντίον,
673 1383 785 1459 κακόν;
805 1387 913 1466 γενεᾶς
936 1385 991 1468 μὲν
1016 1383 1073 1469 γάρ
1094 1385 1236 1469 εὑρεθείη
1262 1385 1297 1448 ἀν
1320 1387 1477 1470 διαφορά,

351 1482 603 1568 θιαφορὰμέντοι
619 1483 670 1544 καὶ
686 1481 744 1544 οὐκ
759 1479 933 1564 ἐναντιότης
946 1479 991 1528 -'
1008 1481 1173 1566 ἀγενησίας
1194 1483 1229 1546 δὲ
1251 1483 1342 1545 ποίαν
1364 1505 1407 1550 τις
1432 1483 1476 1545 ἀν

350 1582 436 1666 εόροι
459 1579 612 1665 διαφορὰν
638 1577 758 1662 ἤπουγε
775 1570 988 1661 ἐναντιότητας
1019 1577 1126 1662 διόπερ
1147 1581 1336 1643 παντάπασιν
1357 1579 1476 1642 ἀδύνα-

302 1687 335 1741 1⁰
352 1701 404 1741 τον
425 1677 572 1761 ἀγένητον
595 1675 733 1760 ἀγενήτῳ
752 1674 887 1749 ἐναντίον
912 1674 998 1739 εἶναι.
1037 1677 1065 1740 εί
1085 1677 1143 1762 γάρ
1165 1699 1192 1740 τι
1212 1677 1269 1762 εἴη,
1293 1676 1383 1739 οίιθέν
1407 1680 1475 1738 τῶν

351 1775 452 1840 αὐτῶν
476 1774 595 1860 ἀφειλει
618 1771 690 1836 οὔτε
709 1771 787 1836 εἶναι
806 1770 878 1835 οὔτε
895 1773 1184 1860 προσαγορεύεσθαι
1201 1780 1244 1860 τῷ
1262 1774 1399 1858 ἐναντίῳ,
1418 1773 1476 1837 ίνα
1596 1791 1597 1816 ¹

351 1874 558 1955 ἀκοινώνητον
588 1869 611 1956 ᾖ
642 1874 706 1939 τοῖς
735 1873 810 1932 πᾶσι
837 1871 915 1956 πρὸς
940 1872 974 1934 τὸ
1007 1871 1152 1935 ἐναντίον.
1199 1871 1228 1934 εί
1255 1871 1312 1956 γὰρ
1343 1873 1383 1956 μὴ
1417 1871 1472 1956 εἴη

350 1973 446 2055 πάντη
468 1970 614 2047 ἐναντίον,
636 1969 717 2033 καθὸ
741 1967 942 2048 ἐπικοινωνεῖ,
964 1969 1020 2033 οὐκ
1041 1969 1186 2034 ἐναντίον.
1210 1969 1344 2033 ἐναντίον
1365 1969 1474 2053 μέντοι

351 2069 450 2152 τὸμὴ
483 2067 584 2152 ἀντῷ
608 2066 686 2130 ἀντι·
716 2067 797 2151 τάχα
825 2067 860 2130 δέ
887 2065 962 2130 οὐδὲ
984 2071 1091 2143 τοῦτο,
1122 2067 1158 2130 οὐ
1187 2067 1244 2150 γὰρ
1274 2069 1471 2152 διαμάχεται.
1596 2069 1597 2076 ’

302 2171 335 2225 15
351 2168 386 2230 τὸ
412 2167 447 2228 δέ
475 2164 509 2228 ἀν
541 2169 585 2249 τῷ
608 2163 671 2228 ὄντι
691 2163 748 2226 οὐκ
773 2165 918 2231 ἐναντίον.
970 2165 997 2227 εί
1019 2165 1054 2227 δέ
1080 2165 1114 2227 τὸ
1137 2163 1170 2228 ἀν
1193 2169 1237 2249 τῷ
1264 2165 1326 2228 ἀντι
1347 2167 1473 2235 πάντως

351 2261 518 2346 όμόλογον,
540 2262 572 2324 ἓν
592 2263 626 2324 τὸ
648 2263 699 2323 καὶ
720 2260 813 2344 μόνον
837 2261 965 2344 ἀληθῶς
980 2261 1012 2324 ὂν
1025 2265 1088 2330 τοῖς
1103 2266 1177 2325 πᾶσι
1197 2267 1251 2325 τοῦ
1270 2260 1348 2325 εἶναι
1360 2259 1469 2345 ἄρχον.
1596 2287 1597 2292 ’

350 2358 398 2430 ll.
441 2358 517 2443 φασὶ
540 2359 576 2438 δὲ
605 2359 655 2420 καὶ
679 2357 767 2420 αὐτοὶ
792 2361 905 2442 χρῆναι
933 2359 1031 2421 πάντα
1058 2358 1095 2420 τά
1117 2357 1239 2422 ἐναντία
1261 2363 1305 2444 τῷ
1324 2359 1390 2443 θεῷ
1413 2359 1469 2440 τὴν
1596 2415 1597 2440 γ

352 2458 426 2540 ὕλην
454 2453 760 2538 προσαγορεύεσθαι,
787 2454 853 2516 οἷον
883 2453 935 2516 ἐάν
964 2458 1109 2540 καλῶμεν
1141 2458 1192 2520 τὸν
1220 2456 1293 2520 θεὸν
1318 2459 1400 2542 φῶς,
1431 2456 1467 2518 τὸ

351 2553 486 2616 ἐναντίον
509 2548 627 2628 σκότος,
648 2550 701 2614 ἐάν
725 2551 763 2614 δὲ
783 2550 918 2633 ἀγαθόν,
947 2552 1045 2615 ἐκεῖνο
1068 2553 1182 2616 κακόν·
1218 2554 1271 2620 ἐὰν
1296 2553 1399 2638 μέντοι
1416 2575 1467 2616 κα-

299 2655 335 2709 θθ
352 2649 492 2733 λε’σονμεν
523 2649 575 2712 τὸν
604 2647 677 2712 θεὸν
699 2648 937 2732 αὐτοαλήθειαν,
959 2650 1052 2734 δῆλον
1073 2651 1119 2714 ότι
1139 2654 1173 2716 τό
1198 2651 1331 2714 ἐναντίον
1354 2652 1469 2736 ψεῦδος
1596 2675 1597 2682 “

350 2749 542 2832 κεκλήσεται.
590 2747 626 2810 τὸ
656 2746 692 2810 θέ
719 2747 846 2832 ἀληθῶς
870 2745 904 2810 όν
935 2751 994 2829 (ὡς
1023 2749 1226 2836 ὑπειλήφασι)
1256 2753 1323 2818 πῶς
1354 2747 1389 2812 ἀν
1420 2745 1467 2830 τίη

177 2857 218 2879 .·
281 2824 294 2843 ¹
351 2845 485 2932 ψεῦδοςγ
506 2845 541 2908 τὸ
564 2845 619 2929 μὲν
640 2843 697 2930 γὰρ
718 2846 760 2929 μὴ
784 2845 830 2923 όν,
851 2846 879 2910 εἰ
899 2845 1019 2930 λέγοιτο
1042 2847 1130 2924 εἶναι,
1154 2849 1270 2934 ψεῦδος
1293 2845 1328 2909 ἀν
1350 2845 1412 2929 εἴη·
1433 2845 1467 2908 τὸ
1596 2833 1597 2866 ³

352 2945 387 3007 δὲ
416 2943 450 3008 ὃν
476 2945 528 3007 καὶ
553 2943 681 3027 ἀληθῶς
707 2943 753 3021 όν,
782 2942 868 3029 αὐτῷ
895 2949 938 3029 τῷ
970 2943 1048 3007 εἶναι
1076 2945 1249 3028 ἀληθεῦον,
1283 2942 1340 3006 οὐκ
1360 2941 1395 3006 ἀν
1420 2939 1466 3024 εἴη
1596 3015 1597 3026 ρ

216 3041 219 3046 ’
350 3043 474 3127 ψεῦδος.
511 3042 539 3104 εί
558 3041 615 3125 γάρ
639 3041 717 3105 εἶναι
740 3041 824 3125 λέγει
844 3064 905 3116 τις,
937 3041 1103 3125 ἀληθεόεγ·
1133 3043 1161 3105 εἰ
1190 3043 1225 3104 δέ
1255 3041 1295 3124 μὴ
1319 3039 1401 3123 λέγει
1423 3037 1468 3102 ότι
1596 3045 1597 3048 ’

299 3144 335 3198 θῡ
354 3139 433 3205 ἔστιν
461 3140 512 3204 ίνα
540 3139 582 3222 μὴ
605 3139 779 3223 ἀληθεόση,
803 3139 875 3202 ἀλλ’
898 3137 973 3202 οὐδὲ
1003 3139 1048 3202 ότι
1077 3139 1133 3202 οὐκ
1158 3135 1236 3201 ἔστιν
1259 3135 1340 3200 είποι
1362 3137 1397 3201 ἀν
1417 3135 1468 3200 ίνα
1596 3141 1597 3170 ³

352 3239 520 3325 ψεύσηται·
542 3232 597 3319 κάν
620 3235 692 3319 είπη
714 3237 750 3298 δὲ
774 3235 820 3299 ότι
843 3234 900 3297 οὐκ
923 3233 997 3310 ἐστι,
1018 3241 1057 3319 τῇ
1080 3235 1199 3318 ἐπινοίη
1221 3233 1378 3318 ψεύδεται.
1415 3233 1463 3296 οὔ·

351 3357 425 3400 κουν
449 3335 523 3397 αὐτὸ
546 3334 676 3416 ψεῦδος,
709 3331 742 3394 ἀν
764 3331 821 3413 γάρ
844 3329 924 3392 ἔστιν
949 3330 1084 3412 ἀληθῶς.
1150 3330 1194 3400 15,
1239 3328 1345 3390 ἔπειτα
1365 3330 1393 3389 εί
1415 3351 1466 3390 κα-

352 3435 435 3494 λοῖεν
458 3429 594 3511 τάγαθὸν
615 3428 803 3512 ἀφθαρσίαν,
827 3425 947 3510 φθορὰν
972 3424 1175 3506 ὀνομάσουσιν
1198 3428 1231 3490 τὸ
1255 3423 1361 3486 κακόν.
1388 3423 1467 3490 τίνος

352 3529 385 3592 θ’
409 3527 445 3590 ἀν
464 3525 512 3610 εἴη
534 3523 639 3610 φθορά
661 3525 680 3605 ἡ
706 3521 826 3605 φθοράς
854 3525 909 3583 τοῦ
931 3520 985 3602 μὲν
1007 3520 1065 3604 γὰρ
1086 3521 1206 3604 ἀγαθοῦ
1230 3518 1396 3583 ἀδύνατον·
1439 3519 1466 3582 εἰ

300 3629 336 3682 ³⁰
353 3625 381 3688 θ’
405 3625 517 3706 ἑαυτῆς
537 3620 585 3705 εἴη
607 3619 723 3706 φθορά,
744 3617 776 3680 ἐν
797 3619 926 3686 πολλοῖς
946 3621 1009 3686 τοῖς
1030 3619 1122 3681 αίῶσι
1145 3617 1329 3703 διέφθαρκεν
1354 3616 1464 3700 ἑαυτὴν

351 3723 402 3786 καὶ
432 3721 528 3803 μάτην
557 3716 652 3799 αὐτὴν
679 3714 757 3779 εἶναι
782 3714 995 3799 φαντάζονται.
1042 3719 1110 3785 πῶς
1143 3715 1168 3780 δ’
1199 3714 1235 3780 ἂν
1267 3713 1314 3798 εἴη
1345 3715 1466 3800 φθοράς

350 3819 472 3885 πάντως
490 3815 548 3899 γάρ
567 3810 672 3897 ἕτερόν
692 3835 720 3875 τι
740 3811 870 3897 φθείρει,
894 3810 954 3899 οὐχ
975 3814 1099 3900 ἑαυτήν.
1139 3813 1167 3876 εἰ
1189 3815 1224 3876 δέ
1247 3813 1375 3897 ἑαυτήν,
1397 3809 1463 3874 οὐδ’

352 3913 389 3978 ἀν
413 3915 466 3997 τἠν
489 3912 587 3996 ἀρχὴν
612 3909 738 3996 ὑπέστη.
783 3909 956 3995 ὀφθήσεται
980 3911 1038 3996 γὰρ
1066 3913 1177 3995 ἑαυτὴν
1199 3910 1371 3997 φθείρουσα
1392 3909 1464 3990 μάλ-

353 4014 406 4074 λον
426 4011 446 4094 ἢ
468 4007 562 4072 οὖσα·
586 4008 690 4091 φθορά
709 4008 766 4094 γάρ
786 4008 948 4094 ἄφθαρτος
969 4011 1118 4074 ἀδύνατον
1141 4009 1220 4072 κατά
1241 4029 1277 4090 γε
1296 4005 1349 4073 τὰς
1363 4003 1466 4074 κοινάς
1596 4061 1597 4084 γ

301 4105 337 4163 3⁵
353 4107 489 4174 ἐπινοίας
519 4105 729 4189 ἐπινοηθῆναι.
772 4105 932 4192 ἄφθαρτον
966 4109 1001 4170 δὲ
1031 4109 1152 4175 πάντως
1183 4106 1217 4168 τὸ
1247 4101 1392 4186 ἀγένητον
1415 4103 1465 4165 καὶ

352 4205 462 4281 ἀίδιον,
492 4201 564 4266 ὅθεν
587 4203 639 4264 καὶ
661 4203 826 4267 ἀθάνατον.
870 4204 975 4270 ἐπάνω
997 4204 1054 4290 γὰρ
1081 4209 1135 4267 τοῦ
1159 4201 1320 4285 ἀφθάρτου
1342 4201 1376 4264 τὸ
1398 4199 1464 4282 ἀγέ·
1588 4219 1591 4230 ’

353 4323 453 4385 νητον.
497 4301 525 4364 εί
548 4300 583 4363 δέ
604 4301 637 4362 τὸ
661 4300 703 4383 μὴ
724 4299 869 4383 γενέσθαι
898 4305 1025 4365 πώποτε
1046 4301 1177 4384 ὑπάρχει
1204 4304 1244 4383 τῇ
1268 4298 1338 4382 ὕλη,
1361 4301 1464 4382 μεῖζον

354 4397 398 4476 όν,
427 4403 494 4468 πῶς
518 4397 589 4482 οὐχὶ
607 4397 657 4460 καὶ
679 4399 712 4462 τὸ
735 4396 861 4462 ἔλαττον
885 4397 965 4483 αὐτῇ
983 4398 1201 4484 προσοποίρΕει,
1226 4397 1259 4460 τὸ
1281 4396 1322 4479 μὴ
1346 4395 1464 4480 φθαρῆ-

353 4516 418 4571 ναι;
449 4495 478 4558 εί
505 4495 540 4560 δέ
568 4493 610 4579 μὴ
639 4493 796 4580 φθείρεται
824 4498 867 4565 όις
895 4496 1007 4573 ἀίδιος,
1037 4493 1103 4558 οὐδ’
1132 4493 1167 4558 ἀν
1198 4495 1310 4575 ἑαυτῆς
1335 4491 1465 4574 ὑπάρχει
