3517 5434
856 637 898 700 ⁴⁵
1269 661 1292 714 ο
1311 653 1433 715 σι-ιι.

319 807 377 892 γδρ
409 811 473 878 τοῖς
501 805 690 890 εὐγνώμοσιν
719 808 763 872 ῶς
791 801 828 866 οὐ
856 801 949 886 μόνον
971 807 1048 889 πρδς
1068 807 1102 870 τδ
1123 809 1240 874 τέλειον
1264 810 1363 880 ένίους
1382 813 1437 892 τῆς

319 905 396 989 πρὸς
423 906 458 968 τδ
484 907 619 988 κρεῖττον
650 903 822 987 μεταβολῆς
848 900 864 962 ό
895 900 993 987 φόβος
1016 901 1098 986 άγει,
1127 907 1279 972 ἀλλὰκαὶ
1301 905 1434 976 τοῖςσῖλ-

321 1005 387 1071 λοις
422 1001 605 1085 ἀπορρήτως
640 1003 724 1083 μειοῖ
758 998 811 1081 τἠν
846 1000 923 1083 πρὸς
958 1001 1076 1064 ἀδικίαν
1107 1005 1204 1088 όρμὴν
1230 1007 1281 1068 καὶ
1309 1003 1436 1087 τόλμαν.

319 1099 373 1173 δῦ,
408 1097 549 1181 ἔλθωμεν
582 1099 620 1182 δὴ
649 1097 755 1160 λοιπδν
788 1098 839 1160 καὶ
867 1097 911 1164 εἰς
938 1100 989 1161 τδν
1018 1100 1088 1183 περὶ
1112 1101 1311 1187 δημιουργίας
1334 1099 1435 1183 λόγον,

318 1202 397 1284 πρδς
415 1202 470 1262 τοῦ
491 1198 671 1262 άπατεῶνος
691 1193 990 1279 συκοφαντουμένης,
1014 1198 1065 1259 καὶ
1087 1198 1207 1279 πρῶτόν
1229 1221 1264 1284 γε
1275 1201 1345 1283 περὶ
1367 1199 1469 1266 σκό-τν

320 1319 391 1364 τους
409 1296 461 1358 καὶ
479 1296 585 1362 νυκτδς
606 1292 811 1375 ἐξετάσωμεν,
835 1290 911 1374 όπερ
930 1293 1060 1374 μάλιστα
1081 1295 1207 1370 κακίζει,
1228 1297 1281 1379 πὴν
1300 1298 1435 1360 διάνοιαν

323 1392 549 1476 έσκοτωμένος·
579 1391 687 1458 σκότος
703 1388 761 1473 γὰρ
785 1388 817 1450 ἐν
837 1387 919 1450 νυκτὶ
943 1387 1129 1471 φαινόμενον
1153 1391 1271 1454 ἐκείνου
1293 1397 1346 1454 τοῦ
1370 1391 1436 1456 σκό·

320 1511 402 1562 τους,
423 1487 564 1572 δΜάνης
585 1487 662 1552 εῖναι
685 1487 870 1570 φαντάζεται
888 1488 938 1554 ,ῶς
961 1482 1006 1563 ῦν,
1025 1487 1187 1572 τεκμήριον
1209 1493 1263 1552 τοῦ
1287 1490 1328 1574 μὴ
1352 1489 1438 1559 ὄντος

323 1589 491 1673 λαμβάνει,
521 1585 616 1669 μηδὲν
638 1585 797 1652 παντελῶς
815 1584 892 1667 μήτε
914 1582 1036 1669 βλέπων
1061 1586 1136 1669 μήτε
1158 1591 1256 1664 νοῶν,
1288 1587 1369 1650 ἀλλὰ
1390 1611 1437 1651 τυ·

323 1689 404 1771 ρλοῦ
432 1685 518 1767 δίκην
546 1686 610 1751 τοῖς
636 1684 793 1767 πράγμασι
821 1681 1027 1764 προσπταίων.
1071 1684 1122 1747 καί
1145 1686 1235 1747 καλεῖ
1256 1685 1364 1754 σκότος
1385 1687 1436 1749 καὶ
1457 1695 1489 1750 1⁰

324 1783 420 1846 οίονεὶ
441 1781 556 1867 φρίττεί
576 1783 619 1848 ῶς
639 1780 718 1863 μηδὲ
737 1777 832 1861 λόγου
854 1779 1003 1862 δεόμενος
1023 1782 1100 1865 πρδς
1120 1775 1273 1852 ἀπόδειξιν
1297 1787 1349 1865 τῆς
1369 1783 1437 1846 ἑαυ-

321 1886 376 1944 τοῦ
388 1878 603 1964 ψευδολογίας,
623 1879 666 1946 ῶς
688 1875 818 1940 αὐτόθεν
841 1875 1087 1962 διαβεβοημένου
1103 1880 1281 1964 πράγματος
1291 1881 1324 1943 τδ
1340 1880 1439 1964 ὄνομα

323 1977 501 2063 λαμβάνων.
541 1974 587 2048 81,
619 1974 727 2060 ῥητέον
750 1965 849 2037 τοίνυν
872 1977 915 2042 ῶς
937 1979 1027 2038 τοῦτο
1055 1978 1092 2061 δὴ
1118 1977 1151 2040 τδ
1174 1975 1280 2046 σκότος
1301 1980 1439 2041 καλεῖται

323 2074 395 2160 μέν,
417 2073 455 2137 οὐ
477 2075 535 2157 μὴν
557 2073 709 2158 ὑφέστηκε
726 2072 793 2136 κατ’
812 2071 929 2149 οὐσίαν,
951 2073 1160 2160 έπισομβαίνει
1179 2074 1301 2137 δὲκαθ’
1319 2075 1438 2160 ἡμέραν

321 2173 373 2236 καὶ
404 2173 640 2258 άποσυμβαίνει,
669 2170 940 2255 παρακολούθημα
968 2172 1019 2234 καὶ
1051 2176 1134 2240 σκιᾶς
1155 2171 1266 2256 τρόπον
1290 2174 1438 2258 ὑπάρχον.
1458 2183 1490 2238 15

325 2269 584 2354 δεδημιούργηται
603 2270 658 2351 μὲν
680 2269 738 2353 γάρ
762 2269 805 2337 είς
828 2267 992 2330 ὑπόστασιν
1014 2267 1120 2338 οὐσίας
1141 2269 1297 2354 οὐδαμῶς,
1320 2270 1438 2353 κόσμου

325 2369 361 2432 δὲ
383 2365 663 2452 δημιουργηθέντος
686 2365 754 2429 σκιὰ
776 2365 928 2450 τυγχάνει.
970 2364 1135 2450 ἅνθρωπος
1153 2367 1282 2430 τίκτεται
1304 2368 1358 2451 μὲν
1381 2366 1439 2452 γὰρ

326 2465 396 2530 καθ’
421 2464 542 2544 ἑαυτόν,
562 2463 797 2548 παρακολουθεῖ
816 2464 851 2526 δὲ
872 2462 958 2549 αὐτῷ
974 2466 1051 2548 πρὸς
1071 2464 1123 2528 τδν
1146 2464 1235 2546 ὄγκον
1257 2470 1311 2529 τοῦ
1338 2468 1439 2548 σῶμα·

324 2583 376 2632 τος
396 2564 416 2645 ἡ
440 2563 520 2637 σκιά,
549 2562 600 2624 καί
622 2560 659 2624 οὐ
683 2561 783 2645 δη’που
806 2563 1107 2642 συγκατεσκευάσθαι
1134 2562 1248 2632 δόξειεν
1273 2562 1303 2625 έν
1328 2563 1440 2648 ἑαυτῷ,

326 2659 395 2722 ἀλλ’
424 2659 635 2743 δπισυμβαίνει
661 2660 738 2741 πρδς
763 2659 817 2742 τὴν
845 2663 900 2720 τοῦ
930 2660 1073 2740 σώματος
1099 2659 1185 2723 θέσιν
1213 2659 1264 2722 καὶ
1288 2661 1364 2744 πρδς
1386 2661 1439 2743 τὴν
1457 2667 1492 2722 w

326 2760 381 2818 τοῦ
403 2757 506 2841 φωτὸς
526 2755 682 2838 περίοδον.
726 2755 809 2817 ούτω
840 2757 878 2837 δὴ
901 2755 952 2818 καὶ
973 2755 1023 2825 νύΕ
1047 2756 1097 2819 καὶ
1121 2756 1227 2824 σκότος
1249 2759 1440 2840 (σωματικοῦ

326 2855 381 2914 τοῦ
407 2850 526 2934 κόσμου
547 2851 667 2934 δηλαδὴ
687 2853 904 2936 τυγχάνοντος)
931 2851 1201 2936 παρακολούθημα
1229 2853 1321 2936 μόνον
1352 2853 1441 2930 ἐστίν,

327 2947 365 3012 οὐ
396 2950 456 3033 μὴν
484 2948 752 3031 δημιουργήματος
778 2943 890 3032 τρόπον
921 2949 1071 3018 οὐσιῶδες
1097 2949 1347 3013 κατεσκεύασται.
1386 2955 1440 3014 τοῦ

326 3045 384 3131 γὰρ
410 3046 502 3128 ἡλίου
529 3046 581 3108 τδν
608 3045 813 3129 μεθημερινδν
843 3045 958 3131 δρόμον
985 3048 1199 3131 περαίνοντος,
1230 3049 1307 3131 πρδς
1333 3047 1443 3117 δὲτὰς

327 3145 406 3213 ίδίας
428 3143 643 3228 ἀναχωρήσεις
661 3141 862 3227 τρεπομένου,
888 3150 942 3208 τοῦ
967 3144 1085 3228 κόσμου
1107 3145 1144 3208 τὰ
1167 3145 1251 3213 έντδς
1272 3145 1441 3228 ἐπάναγκες
1457 3153 1491 3206 25

328 3240 449 3304 ἅπαντα
468 3240 664 3316 σκιάζεσθαι,
688 3236 748 3309 ἔξω
770 3242 972 3326 τυγχάνοντος
992 3247 1046 3305 τοῦ
1071 3242 1273 3325 φωτίζοντος,
1302 3243 1383 3306 ούτω
1403 3243 1441 3326 δὴ

327 3341 405 3402 θεοῦ
445 3336 653 3424 βουληθέντος
687 3337 727 3398 δι’
760 3337 797 3405 ἃς
828 3338 925 3409 αἰτίας
960 3341 1065 3424 μικρὸν
1096 3339 1220 3424 ύστερον
1251 3343 1294 3410 ῶς
1319 3341 1445 3425 δύναμις

329 3437 470 3521 ἐροῦμεν.
517 3433 625 3498 αὐτίκα
653 3435 703 3498 καὶ
728 3433 798 3518 μεθ’
825 3434 945 3520 ἡμέραν
969 3438 1045 3522 πρδς
1063 3439 1097 3502 τδ
1122 3437 1326 3522 ἀντικείμενον
1352 3437 1444 3524 μέρος

327 3537 381 3616 τὴς
400 3536 455 3596 τοῦ
479 3534 583 3617 φωτός
603 3530 723 3600 θέσεως
745 3529 783 3595 τὰ
802 3531 953 3617 ἀνέχοντα
976 3539 1036 3598 τῶν
1061 3539 1243 3619 σωματικῶν
1266 3535 1364 3619 ὄγκων
1387 3557 1442 3598 πα-

328 3628 483 3714 ραπέμπει
503 3629 557 3697 τὰς
580 3629 665 3697 σκιὰς
685 3630 737 3692 καὶ
756 3631 995 3715 συμμεταβαίνει
1017 3637 1060 3717 τιγῖ
1076 3632 1155 3716 φωτὶ
1175 3635 1251 3716 πρὸς
1268 3621 1441 3696 τούναντίον
1460 3643 1495 3698 ³⁰

327 3729 349 3810 ἡ
381 3726 459 3788 σκιά.
501 3727 552 3788 καὶ
577 3723 613 3787 οῦ
645 3726 700 3809 μὲν
724 3725 786 3793 έως
810 3728 1003 3812 μεσημβρίας
1021 3730 1126 3813 ἥλιος,
1157 3729 1233 3813 μετὰ
1254 3732 1444 3817 μεσημβρίαν

330 3825 414 3887 σκιά·
448 3821 484 3885 οῦ
512 3823 549 3885 δδ
576 3821 645 3884 σκιδ
664 3822 741 3906 μετὰ
762 3823 966 3908 μεσημβρίαν,
988 3825 1076 3908 ἡλιος
1097 3827 1174 3910 μετὰ
1191 3828 1302 3912 ταύτην
1321 3829 1445 3912 γίνεται.

328 3921 400 3986 σκιὰ
426 3921 462 3984 δδ
488 3921 509 4003 ἡ
542 3919 612 3983 σκιὰ
636 3919 706 4003 μεθ’
729 3918 849 4004 ἡμέραν
874 3922 924 3984 καὶ
946 3921 982 3984 οὐ
1006 3926 1164 3993 παντελῶς
1185 3924 1309 4002 σκότος,
1338 3925 1444 4009 ἐπειδὴ

328 4020 364 4082 τδ
393 4017 539 4104 περιέχον
570 4015 766 4102 πανταχόθεν
787 4018 925 4102 άνεωγδς
947 4019 998 4082 καί
1020 4025 1085 4088 τοῖς
1107 4022 1319 4106 σκιαζομένοις
1341 4021 1446 4090 τύποις

329 4119 383 4178 τοῦ
404 4114 538 4198 φέγγους
556 4113 687 4199 παρέχει
707 4115 760 4197 τὴν
781 4116 955 4199 μετουσίαν.
991 4116 1018 4179 εί
1036 4121 1109 4198 γοῦν
1130 4117 1214 4182 οἶκόν
1234 4141 1300 4184 τινα
1319 4119 1445 4202 τελείως
1461 4133 1496 4188 βό
1588 4199 1590 4206 y

330 4212 528 4282 δποκλείσσις
554 4215 597 4280 ῶς
626 4211 705 4294 μηδὲ
732 4214 839 4297 στενὴν
860 4217 934 4296 γοῦν
957 4212 1078 4276 εἴσοδον
1102 4219 1278 4280 καταλιπεῖν
1300 4220 1345 4302 τιγῖ
1367 4217 1445 4297 φωτί

331 4307 428 4393 αὐτιγῖ,
447 4309 540 4372 νύκτα
560 4310 701 4393 ποιήσεις
717 4311 767 4373 καὶ
786 4309 817 4372 ἐν
842 4311 1026 4395 μεσημβρία.
1066 4315 1157 4374 τοῦτο
1178 4314 1216 4396 δὴ
1236 4314 1287 4376 καὶ
1310 4312 1341 4375 έν
1364 4313 1445 4375 νυκτὶ

330 4407 457 4490 γίνεται,
477 4405 554 4490 πρὸς
575 4405 647 4474 τούς
671 4405 766 4474 ίδίους
787 4408 912 4491 χώρους
933 4407 1025 4488 ἡλίου
1042 4407 1225 4492 γενομένου·
1252 4411 1332 4472 ὥστε
1353 4411 1373 4492 ἡ
1396 4408 1447 4480 νῦξ

332 4501 471 4588 στέρησις
502 4500 539 4565 δν
571 4500 620 4585 εἴη
649 4500 761 4587 φωτός.
806 4506 902 4588 μάθοι
923 4502 952 4566 δ’
979 4502 1014 4566 άν
1035 4527 1078 4574 τις
1101 4505 1289 4592 σαφέστερον
1312 4508 1348 4569 τδ·
1368 4505 1446 4590 γινό-
