3517 5434
298 614 378 671 Ἰοὺλ.
830 608 889 670 122

301 768 358 833 οόκ
380 768 558 841 ἰδιαζόντως
580 769 748 856 ἀναβαίνει,
772 771 823 836 διὰ
834 777 924 837 τοῦτο
948 777 1059 841 κοινῶς
1081 773 1265 857 ὀνομάζεται
1284 776 1317 838 τδ
1342 775 1415 838 ὅλον

302 868 494 952 ὑψούμενον,
526 869 578 930 καὶ
608 869 642 931 τδ
673 870 858 954 κεχαρίσθαι
889 873 924 936 δὲ
955 871 1040 958 αὐτῷ
1066 872 1135 954 περὶ
1164 871 1216 954 τῆν
1239 871 1269 941 ἐξ
1292 872 1416 942 ἀδοξίας

301 965 518 1052 δοξαζομόνην,
532 967 631 1049 σάρκα
651 965 834 1032 συνίσταται.
869 969 906 1032 οὐ
926 967 983 1054 γὰρ
1003 969 1036 1031 τδ
1059 969 1107 1032 ἀεὶ
1126 970 1179 1052 τῆν
1199 968 1290 1040 δόξαν
1314 965 1416 1052 ἔχοντι

299 1062 383 1146 λόγῳ
412 1063 610 1147 προστίθεται
641 1061 716 1132 δόξα
744 1064 794 1128 διὰ
824 1067 965 1151 χάριτος·
1004 1066 1079 1150 ὅπερ
1111 1066 1168 1149 γὰρ
1197 1067 1333 1152 ὑπῆρχεν
1364 1067 1415 1130 καὶ

266 1164 284 1218 ὑ
302 1159 489 1243 μεμένηκεν,
514 1161 545 1222 ἐν
567 1159 675 1245 μορφῆ
694 1161 770 1225 θεοῦ
795 1163 931 1248 ὑπῆρχεν
954 1164 1005 1226 καὶ
1024 1161 1061 1247 ῆν
1076 1161 1127 1226 ίσα
1140 1162 1216 1247 θεῷ.
1248 1162 1312 1228 ίσον
1337 1162 1415 1226 εἶναι

299 1257 365 1342 θεηῖ
391 1259 441 1320 καλ
471 1258 503 1320 ἐν
533 1263 572 1341 τῆ
603 1260 691 1343 σαρκὶ
720 1257 815 1341 λέγει,
846 1259 924 1323 κατὰ
953 1261 1004 1322 τδν
1028 1258 1173 1344 Ἰωάννην
1195 1261 1314 1346 πατέρα
1338 1259 1413 1324 ἴδιον

300 1352 394 1416 αὑτοῦ
424 1354 523 1438 λόγων
554 1354 633 1418 εἶναι
659 1357 710 1419 τὸν
739 1356 812 1419 θεὸν
841 1358 894 1420 καὶ
923 1357 986 1420 ἴσον
1016 1357 1124 1420 ἑαυτὸν
1153 1361 1249 1420 ποιῶν
1274 1362 1318 1442 τῷ
1338 1357 1414 1441 θεῷ.

299 1450 356 1514 οὑκ
383 1450 444 1536 ἄρα
472 1451 636 1537 μετέπεσεν
665 1454 685 1535 ῆ
710 1455 787 1537 πρὸς
814 1454 887 1518 θεὸν
917 1453 1034 1538 ἰσότης,
1069 1454 1138 1517 ἀλλ’
1163 1455 1371 1524 ἀναλλοίωτος
1393 1456 1413 1538 ἡ

298 1547 409 1632 θεύτης
430 1548 550 1634 ἔμεινεν
570 1549 602 1613 ἐν
624 1549 793 1634 ταύτότητι.
826 1551 846 1614 ἀ
868 1553 903 1615 δὲ
924 1550 1001 1637 ἔχει,
1025 1552 1190 1636 λαμβάνειν
1215 1551 1251 1615 οὑ
1274 1551 1414 1630 δυνατόν,

249 1654 281 1708 10
298 1647 403 1730 ὥσπερ
421 1652 476 1731 τῆς
498 1648 611 1732 σαρκθς
639 1647 715 1732 ὅπερ
744 1648 800 1712 οὑκ
826 1647 893 1735 ἔχει
921 1648 1139 1735 λαμβανούσης
1167 1649 1215 1728 (τδ
1236 1649 1358 1718 ἀπαθὲς
1380 1649 1414 1714 ἐκ

298 1748 358 1803 τῶν
380 1743 584 1828 παθημάτων,
606 1747 640 1810 τδ
661 1746 803 1830 οὑράνιον
825 1746 858 1810 ἐκ
876 1751 930 1829 τῆς
949 1744 1026 1810 κατὰ
1044 1749 1099 1830 γῆν
1122 1746 1285 1831 διατριβῆς,
1306 1747 1340 1810 ιδ
1363 1748 1414 1833 βικ-

300 1840 413 1902 σιλικδν
439 1840 548 1926 ἀκτῆς
570 1844 620 1906 ὑπ’
646 1844 821 1927 ἀνθρώποις
844 1844 1002 1918 δουλείας,
1031 1843 1064 1906 τδ
1088 1845 1327 1924 προσκυνεῖσθαι
1355 1845 1414 1910 ὑπὸ

297 1938 398 2021 πάσης
416 1943 469 2021 τῆς
490 1941 618 2010 κτίσεως
638 1940 672 2003 ἐκ
692 1945 748 2003 τοῦ
766 1944 963 2024 προσκυνεῖν)
991 1939 1041 2004 ἐπὶ
1063 1945 1117 2004 τοῦ
1142 1939 1216 2004 όλου
1239 1940 1359 2024 λέγεται
1379 1943 1413 2006 τὸ

297 2035 482 2118 κεχαρίσθαι
509 2037 595 2125 αὑτηῖ
621 2040 656 2102 τὸ
688 2039 788 2122 ὄνομα
814 2041 848 2104 τό
878 2039 955 2122 ὑπὲρ
985 2043 1043 2102 πᾶν
1075 2037 1183 2122 ὄνομα.
1239 2039 1290 2101 καὶ
1318 2037 1415 2108 εἴτις

249 2141 281 2196 1⁵
298 2133 441 2216 χωρίζειν
465 2137 564 2218 τολμᾷ
583 2138 617 2200 πθ
640 2141 693 2219 τῆς
712 2137 836 2220 χάριτος
857 2137 941 2220 βῆμα
961 2137 1011 2200 καὶ
1033 2136 1067 2198 τδ
1088 2135 1240 2219 ὄνοματὸ
1262 2137 1337 2220 ὑπὲρ
1355 2141 1413 2200 πᾶν

298 2228 414 2311 ὄνομα,
444 2226 607 2316 οὐδέτερον
636 2230 757 2302 οἰκείως
780 2234 978 2318 λεχθήσεται.
1023 2233 1050 2296 εἰ
1071 2232 1128 2317 γὰρ
1154 2238 1199 2318 τῷ
1221 2231 1303 2317 λόγῳ
1323 2234 1413 2317 κεχά-

298 2348 396 2408 ρισται
424 2331 467 2396 ὡς
492 2327 549 2393 οὑκ
578 2328 696 2415 ἔχοντι,
727 2330 878 2395 οὑδέποτε
903 2329 953 2393 διὰ
976 2331 1101 2415 χάριτος
1123 2329 1239 2392 δίδοται
1258 2331 1292 2394 τὸ
1315 2329 1414 2414 ὄνομα

296 2423 330 2486 τδ
353 2425 430 2509 ὑπὲρ
450 2430 509 2489 πᾶν
534 2426 748 2510 ὄνομα-καλ
768 2429 796 2492 εἰ
817 2427 875 2490 οόκ
897 2429 957 2492 ἀπδ
984 2427 1103 2496 δόσεως
1124 2426 1195 2490 ἀλλ’
1216 2426 1277 2489 ἀπὸ
1291 2427 1415 2510 φύσεως

297 2518 365 2604 ἔχει
384 2526 474 2586 τοῦτο
499 2525 618 2608 (ὥσπερ
642 2523 807 2610 ἔχεικατὰ
831 2524 995 2608 θεότητα),
1025 2524 1062 2588 οὑ
1085 2522 1212 2587 δυνατόν
1238 2523 1301 2586 ἐστι
1323 2530 1413 2590 τοῦτο

246 2624 283 2684 w
299 2617 429 2701 δοθῆναι
458 2618 553 2705 αὐτῷ.
598 2622 671 2686 ὅθεν
702 2622 734 2692 ἐξ
761 2623 893 2706 ἀνάγκης
915 2623 1020 2686 καὶτὸ
1045 2621 1217 2704 σωματικὸν
1240 2621 1310 2686 καθ’
1338 2623 1412 2687 ὅλου

295 2717 347 2778 καὶ
376 2718 410 2780 τδ
440 2715 542 2780 θεϊκὺν
567 2720 639 2784 καθ’
670 2721 746 2786 όλου
779 2719 901 2802 λέγεται
929 2721 980 2784 καὶ
1004 2721 1020 2785 δ
1045 2719 1088 2802 μῆ
1110 2717 1279 2800 δυνάμενος
1298 2719 1329 2782 ἐν
1351 2725 1414 2790 τοῖς

295 2811 467 2896 ῆνωμένοις
489 2815 651 2901 διαφόροις
672 2817 798 2894 εἰδέναι,
820 2818 850 2879 τί
865 2820 900 2882 τδ
918 2817 994 2882 ἴδιον
1009 2815 1169 2900 ἑκατέρου,
1194 2814 1412 2900 ἐναντιώμασιν

296 2909 495 2994 ἀσυμφώνους
520 2922 746 2999 περιπεσεῖται,
776 2916 792 2980 ὑ
823 2916 858 2978 δὲ
886 2915 937 2978 καί
962 2915 1002 2978 τὰ
1024 2913 1087 2977 ἴδια
1108 2914 1264 2996 γινώσκων
1287 2912 1338 2976 καὶ
1359 2913 1411 2996 τῆν

296 3007 404 3070 ἕνωσιν
433 3010 600 3092 φυλάσσων
632 3014 703 3077 οὑτε
731 3016 784 3097 τῆν
815 3012 905 3096 φύσιν
940 3012 1086 3097 ψεύσεται
1119 3009 1190 3074 οὔτε
1219 3009 1272 3092 τῆν
1304 3007 1411 3072 ἕνωσιν

244 3113 280 3170 w
299 3105 453 3188 ἀγνοήσει.

379 3201 453 3288 [74]
478 3203 616 3289 ’Ἰουλίου
645 3207 887 3293 ἀρχιεπισκόπου
911 3203 1040 3290 Ῥώμης
1065 3205 1142 3289 πρὸς
1167 3202 1239 3272 τοὺς
1259 3202 1338 3268 κατὰ
1360 3210 1414 3288 τῆς

295 3300 383 3370 θείας
409 3307 464 3366 τοῦ
488 3303 583 3386 λόγου
609 3308 795 3388 σαρκώσεως
817 3303 1063 3388 ἀγωνιζομένους
1085 3301 1241 3388 προφάσει
1262 3307 1316 3366 τοῦ
1340 3305 1411 3386 δμο-

296 3420 416 3462 ουσιου.

380 3495 498 3582 Μηδεὶς
525 3500 763 3572 κατευτελιζίτω
786 3501 838 3584 τῆν
863 3499 1044 3583 δεσποτικὴν
1068 3499 1119 3562 καὶ
1141 3499 1291 3583 σωτήριον
1315 3499 1413 3582 σάρκα

243 3605 280 3658 ³⁰
295 3597 350 3656 τοὺ
373 3596 479 3679 κυρίου
500 3597 589 3679 ἡμῶν
604 3594 708 3679 Ἰησοῦ
726 3602 853 3682 χριστοῦ
873 3598 1029 3682 προφάσει
1048 3601 1102 3659 τοῦ
1123 3596 1303 3679 δμοουσίου.
1341 3595 1413 3660 ούτε

294 3689 351 3775 γὰρ
382 3692 472 3776 ἡμεῖς
500 3693 572 3757 οὔτε
599 3695 617 3776 ῆ
641 3694 778 3780 ἡμετέρα
806 3695 935 3763 σύνοδος
965 3693 1035 3757 ούτε
1063 3715 1105 3762 τις
1131 3697 1190 3756 τῶν
1220 3693 1411 3778 ἀνθρώπινον

294 3789 439 3872 λογισμὸν
462 3789 599 3875 ἐχόντων
624 3796 715 3875 σῶμα
736 3792 809 3857 καθ’
836 3793 928 3856 ἕαυτδ
953 3791 1120 3875 ὑμοούσιον
1147 3790 1230 3874 λέγει
1252 3791 1271 3874 ῆ
1293 3794 1412 3874 φρονεῖ,

295 3885 366 3948 ἀλλ’
387 3884 456 3949 οὐδ’
478 3889 510 3957 ἐξ
531 3888 665 3973 ούρανοῦ
683 3891 736 3973 τῆν
758 3891 857 3973 σάρκα
875 3893 929 3952 τοῦ
948 3888 1053 3971 κυρίου
1068 3889 1156 3971 ἡμῶν
1167 3886 1270 3971 Ἰησοῦ
1285 3891 1412 3972 χριστοῦ

295 3981 436 4066 λέγομεν,
461 3984 533 4047 ἀλλ’
558 3985 667 4070 ἀκτῆς
691 3987 779 4069 ἁγίας
799 3983 958 4070 παρθένου
983 3981 1106 4069 Μαρίας
1129 3986 1341 4068 ὁμολογοῦμεν
1365 4007 1411 4048 σε·

243 4093 278 4146 35
296 4081 476 4163 σαρκώσθαι
501 4084 552 4146 τὸν
582 4083 654 4144 θεὸν
689 4083 779 4166 λόγον
808 4083 860 4146 καὶ
888 4081 924 4146 οὑ
953 4083 1130 4166 διαιροῦμεν
1160 4081 1251 4146 αὐτὸν
1277 4082 1338 4146 ἀπὸ
1359 4087 1413 4166 τῆς

295 4177 390 4242 αὑτοῦ
420 4178 550 4262 σαρκός,
580 4179 648 4244 ἀλλ’
674 4179 752 4245 ἔστιν
780 4180 812 4244 ἓν
835 4179 1020 4264 πρόσωπον,
1049 4179 1103 4264 μία
1131 4178 1310 4257 ὑπόστασις,
1341 4179 1413 4247 ὅλος

295 4273 473 4358 ἄνθρωπος,
505 4275 578 4344 δλος
610 4276 691 4344 θεός.
740 4277 768 4340 τί
795 4275 848 4340 οὑν
878 4276 950 4342 καθ’
976 4275 1143 4361 ὁμοιότητα
1166 4281 1220 4340 τοῦ
1245 4277 1411 4362 ἀνθρώπου

294 4370 476 4455 πιστεύομεν
504 4372 691 4457 ἐληλυθέναι
714 4375 765 4438 τδν
792 4374 943 4458 δεσπότην
965 4376 1053 4458 ῆμιῖιν
1071 4372 1191 4458 Ἰησοῦν
1211 4375 1349 4460 χριστόν,
1380 4372 1412 4443 ἐξ

296 4466 395 4552 αὐτῆς.
408 4473 461 4552 τῆς
479 4472 665 4557 παρθενικῆς
686 4473 902 4556 συλλῆμψεως,
923 4470 995 4536 καθ’
1017 4471 1053 4556 ῆν
1069 4473 1118 4536 καὶ
1135 4468 1281 4538 θεοτόκος
1300 4467 1411 4537 ἀποδέ-
