3517 5434
344 679 515 772 Au;u
885 677 925 740 w

345 847 459 914 σκοπός
479 845 609 928 διίστησι
634 845 668 907 τδ
696 843 915 929 τραπόμενον.
954 843 1108 907 ἀλλὰκαὶ
1132 845 1189 928 μὴν
1213 845 1232 926 ἡ
1255 843 1331 927 αύτὴ
1354 844 1466 928 πρᾶξις

342 946 418 1027 πρὸς
443 943 496 1025 τὴν
520 941 598 1004 ίδίαν
620 942 727 1004 τεκαὶ
750 942 913 1025 ἀλλοτρίαν
940 945 985 1027 τιβ
1011 941 1097 1025 ἀνδρί
1119 946 1173 1025 τῆς
1191 943 1363 1023 κοινωνίας,
1388 941 1404 1006 ό
1428 941 1465 1006 δὲ

343 1042 488 1124 λογισμός
521 1040 649 1124 χωρίζει
679 1045 723 1124 τῷ
755 1043 863 1125 σκοπηῖ
890 1037 928 1101 τά
961 1039 1184 1123 παραπλησίως
1208 1037 1364 1122 γινόμενα.
1419 1038 1465 1102 ότι

343 1139 401 1223 μὴν
427 1141 461 1202 τδ
490 1135 603 1222 κλέψαι
631 1136 716 1220 παρὰ
744 1140 798 1199 τοῦ
834 1135 980 1218 μανέντας
1008 1135 1046 1198 τά
1071 1137 1148 1219 πρὸς
1179 1135 1346 1222 ἐπιβουλὴν
1376 1136 1465 1222 αύτιγῑ

309 1236 555 1320 ἀπαρακείμενα
583 1234 602 1317 ἢ·
628 1233 772 1317 ἐργαλεῖα
794 1234 814 1316 ἢ
838 1231 917 1317 ὄψα,
943 1237 1010 1300 πῶς
1036 1232 1093 1296 ούκ
1120 1231 1156 1296 ἀν
1178 1233 1277 1304 δόξειε
1299 1231 1408 1296 ταύτόν
1427 1255 1464 1316 γε
1487 1226 1491 1230 ’

346 1332 423 1395 εἶναι
450 1332 484 1394 τδ
516 1329 604 1417 ἔργον
632 1335 734 1416 κλοπῇ
755 1335 795 1414 τῇ
821 1329 1069 1414 διαβεβλημένη;
1103 1330 1140 1393 ού
1165 1329 1267 1412 μέντοι
1287 1329 1396 1392 ταύτόν
1419 1323 1465 1416 τῷ

343 1432 491 1514 λυγισμῷ,
520 1429 601 1492 ἀλλά
626 1430 722 1511 πάντη
754 1429 913 1510 διάφορον.
967 1428 1044 1510 πρὸς
1069 1429 1105 1491 δὲ
1126 1428 1244 1494 τούτοις
1265 1427 1292 1490 εἰ
1317 1427 1462 1510 ἀπαιτοίη

344 1525 640 1610 μανεὶς-ἄνθρωπος
670 1525 765 1608 ξίφος,
795 1521 872 1606 ὅπερ
902 1522 1056 1606 παρέθετο
1085 1527 1203 1610 νήφων,
1225 1528 1268 1592 ὡς
1295 1525 1462 1606 ἀναγκαῖον

344 1622 421 1685 εἶναι
442 1627 487 1706 τῷ
509 1621 730 1707 ὑποδεξαμένῳ
750 1620 929 1706 ψεύσασθαι
952 1619 992 1702 μὴ
1016 1621 1188 1706 εἰληφέναι,
1208 1621 1286 1686 κατὰ
1306 1621 1336 1683 τί
1347 1620 1383 1684 ἀν
1400 1623 1463 1684 δια-

291 1716 327 1787 v¹0
346 1719 436 1806 φέροι
455 1724 520 1788 τοῖς
541 1720 655 1804 ῥήμασι
684 1721 718 1784 τδ
739 1719 853 1804 ψεῦδος
873 1715 951 1801 πρός
971 1717 1023 1800 τὴν
1051 1715 1146 1786 ὄντως
1168 1716 1406 1801 ἀγνωμοσύνην,
1431 1719 1465 1781 εί

272 1827 296 1877 ’.
344 1819 384 1902 μὴ
408 1823 452 1902 τῷ
475 1824 581 1903 σκοπῷ
606 1817 786 1902 διακρίνοιτο
808 1820 868 1876 τῶν
892 1814 1147 1900 ίσχυριζομένων;
1183 1815 1277 1897 δῆλον
1300 1821 1462 1900 τοιγαροῦν

344 1915 379 1979 ἐκ
400 1915 516 1979 τούτων
542 1919 584 1983 ὡς
603 1914 678 1977 ούδὲ
700 1915 719 1997 ἡ
741 1911 845 1997 πρᾶξις
867 1915 911 1979 ὡς
934 1911 982 1975 ἐπὶ
1005 1912 1084 1976 πολύ
1105 1911 1178 1978 καθ’
1203 1913 1315 1994 ἑαυτὴν
1337 1913 1460 1996 δοκιμά-

345 2017 437 2090 ζεται,
459 2011 530 2076 ἀλλ’
553 2015 573 2095 ἡ
599 2015 720 2077 διάνοια
740 2011 791 2074 καὶ
816 2011 833 2072 ό
854 2011 1000 2092 λογισμός
1016 2014 1069 2072 τοῦ
1092 2009 1254 2094 μετιόντος.
1295 2011 1381 2095 εὕροι
1404 2009 1462 2094 γὰρ

345 2111 380 2175 ἄν
403 2133 447 2179 τις
465 2111 516 2173 καὶ
545 2110 576 2172 έν
600 2115 664 2178 τοῖς
692 2109 838 2176 ἀναιτίοις
863 2109 914 2169 τὸν
937 2107 1028 2172 αὐτὸν
1049 2107 1151 2190 λόγον.
1189 2108 1216 2169 εἰ
1235 2105 1292 2190 γὰρ
1315 2109 1462 2191 μεταδοίη

294 2218 327 2274 ίό
344 2231 388 2277 τις
414 2208 581 2293 χρημάτων
611 2207 771 2290 ἠτροφῆς
801 2211 845 2290 τῷ
870 2203 1032 2290 πενομένῳ
1061 2205 1117 2269 ούκ
1150 2207 1266 2269 ἐκεῖνον
1290 2204 1463 2289 φιλανθρω-

343 2305 530 2388 πευόμενος,
563 2305 615 2366 τδν
648 2303 683 2365 δὲ
717 2302 803 2386 παρὰ
839 2306 900 2364 τῶν
937 2302 1079 2385 ὁρώντων
1114 2301 1237 2366 ἔπαινον
1270 2302 1462 2385 θηρώμενος,

343 2407 410 2469 πῶς
438 2400 475 2463 ού
503 2401 598 2482 δῆλον
631 2398 674 2467 οἷς
700 2401 734 2462 τό
757 2400 811 2483 μὲν
836 2395 924 2481 ἔργον
946 2399 1132 2478 κάλ[λ]ιστον
1153 2400 1203 2462 καὶ
1226 2398 1461 2483 φιλάνθρωπον,

344 2498 419 2562 όδὲ
452 2498 565 2564 σκοπός
593 2496 660 2557 λίαν
689 2497 831 2563 ταπεινὸς
861 2493 912 2556 καί
939 2495 1198 2582 διαβεβλημένοςς
1234 2497 1262 2559 εί
1289 2494 1324 2558 δέ
1346 2517 1389 2564 τις
1411 2497 1463 2560 καὶ

343 2594 547 2679 προσεύχοιτυ
576 2592 678 2676 μακρὰ
704 2593 755 2655 καὶ
786 2591 928 2676 νηστεύοι
954 2594 1069 2670 πυκνά,
1100 2595 1275 2678 ἀνθρώποις
1296 2593 1461 2680 εὐλάβειαν

293 2701 329 2756 δύ
347 2692 413 2775 ἅμα
433 2692 485 2753 καὶ
506 2691 667 2776 καρτερίαν
691 2690 947 2773 ἐπιδεικνύμενος,
973 2689 1103 2774 εύδηλον
1127 2687 1171 2758 ως
1197 2690 1232 2753 ού
1254 2688 1305 2753 διά
1320 2691 1354 2754 τὸ
1375 2688 1463 2775 ἔργον

346 2788 381 2852 ἂν
417 2787 544 2856 εἰκότως
575 2787 768 2871 ἐπαινεθείη,
806 2787 856 2851 διὰ
891 2787 925 2850 δὲ
955 2789 1006 2852 τδν
1041 2792 1111 2852 νοῦν
1149 2793 1208 2852 τῶν
1245 2787 1462 2872 πραττομένων

346 2886 489 2971 ψεχθείη.
540 2884 576 2948 ού
612 2886 671 2969 μὴν
700 2884 770 2949 ἀλλ’
796 2883 894 2954 εἴτις
922 2885 1025 2970 ἕτερος
1056 2886 1233 2970 σωφρονοίη
1264 2886 1315 2948 καὶ
1342 2891 1402 2948 τῶν
1429 2905 1464 2966 γε

344 2982 495 3046 πλειόνων
518 2981 686 3066 ἐπιθυμιῶν
709 2982 874 3068 ἀπέχοιτο,
898 2983 933 3045 ού
958 2983 1048 3070 πύθιρ
1069 2987 1123 3066 τῆς
1145 2984 1273 3067 ἀρετῆς,
1302 2983 1408 3068 φειδοῖ
1428 2982 1463 3044 δὲ

344 3073 524 3164 χρημάτων,
547 3079 603 3143 ούκ
629 3080 759 3166 εὔδηλον
781 3078 860 3148 ὠςό
883 3069 1021 3148 τοιοῦτος
1041 3080 1090 3144 διά
1110 3079 1211 3150 πάθος
1222 3079 1332 3143 παθῶν
1350 3077 1463 3164 ἑτέρων

294 3187 329 3242 δύ
346 3182 474 3261 κρατεῖ,
502 3176 595 3263 αύτὴν
625 3180 663 3263 δὴ
684 3180 737 3262 τὴν
766 3177 844 3241 κατὰ
873 3179 907 3241 τδ
933 3175 1118 3259 φαινόμενον
1143 3177 1304 3261 καρτερίαν
1324 3178 1389 3240 ἀντὶ
1412 3197 1463 3240 κα·

345 3276 413 3344 κίας
434 3279 479 3360 τῷ
504 3281 609 3363 σκοπῷ
632 3276 871 3363 μετερχόμενοςς
913 3273 941 3334 εί
963 3273 1060 3334 τοίνυν
1080 3275 1229 3342 πολλάκις
1249 3274 1300 3336 καὶ
1321 3273 1359 3336 τά
1381 3295 1463 3356 νομι-

348 3373 464 3456 ζόμενα
494 3373 574 3436 κακά
599 3380 638 3458 τη
660 3374 780 3454 διανοίᾳ
801 3375 854 3432 τού
875 3371 1058 3453 πράττοντος
1089 3368 1192 3450 ἀγαθὰ
1216 3370 1418 3451 ἀναφαίνεται
1441 3395 1461 3456 η

347 3471 426 3554 μηδὲ
459 3472 549 3547 κακά,
580 3473 631 3534 καὶ
664 3467 838 3533 τούναντίον
871 3466 920 3527 τά
943 3465 992 3528 ἐπὶ
1025 3467 1059 3530 τὸ
1093 3464 1211 3550 βέλτιον
1247 3464 1460 3547 ὑπειλημμένα

346 3564 391 3634 ολς
416 3568 496 3630 κακά
524 3567 715 3653 διελέγχεται
737 3569 777 3647 τῇ
796 3560 912 3645 αἱρέσει
939 3563 989 3623 καὶ
1017 3561 1062 3646 τῷ
1084 3568 1191 3648 σκοπῷ
1213 3565 1268 3625 τοῦ
1298 3559 1463 3644 μετιόντος,

294 3671 330 3727 ³⁰
347 3665 390 3732 τίς
416 3663 452 3727 ἀν
485 3662 528 3727 ἔτι
557 3665 663 3726 λοιπδν
688 3660 852 3742 ἀντιλέγειν
877 3655 948 3744 ἔχοι
979 3661 1021 3726 ὡς
1048 3656 1107 3745 ούχ
1138 3661 1170 3722 αἱ
1194 3659 1317 3746 πράξεις
1340 3663 1385 3734 ,ὡς
1413 3659 1464 3724 ἐπὶ

345 3761 425 3823 πολὺ
456 3762 542 3843 παρά
561 3783 597 3841 γε
623 3763 664 3842 τῇ
691 3755 824 3839 ἀληθείᾳ
852 3757 1085 3840 δοκιμάζονται,
1120 3759 1136 3822 ό
1166 3757 1201 3822 δὲ
1222 3762 1294 3828 νοῦς
1319 3758 1382 3823 ἐστι
1402 3763 1461 3822 τῶν

237 3915 240 3920 .
345 3855 562 3941 πραττομένων
585 3856 602 3917 ό
624 3852 879 3940 βασανιζόμενυςς
943 3851 993 3927 δῦ,
1033 3861 1108 3919 ποῖα
1134 3855 1232 3918 τοίνυν
1255 3854 1330 3942 ἔργα
1352 3879 1389 3942 τη
1411 3877 1461 3920 κα·

346 3955 397 4038 κίογ
416 3951 619 4035 λογιούμεθας
641 3951 678 4015 τά
697 3953 847 4016 δοκοῦντα
868 3952 947 4016 εἶναι
967 3955 1058 4031 κακά,
1082 3954 1159 4038 άπερ
1175 3954 1252 4016 ἐστίν
1277 3955 1389 4038 ἀγαθά,
1411 3953 1463 4018 ότι

346 4051 458 4135 ἀρετῆς
479 4049 599 4134 διανοίᾳ
619 4052 796 4135 πράττεταις
822 4056 897 4114 ποῖοι
922 4053 956 4115 δὲ
975 4058 1019 4136 τῷ
1043 4051 1153 4135 ἀγαθῷ
1180 4051 1392 4136 ἀναθήσομενς
1425 4051 1462 4114 τά

294 4155 330 4212 36
348 4144 520 4230 φαινόμενα
534 4146 647 4229 ἀγαθά,
667 4149 745 4233 ὅπερ
766 4152 905 4234 λογισμῷ
925 4149 1005 4213 κακά
1020 4149 1151 4231 γίνεταις
1171 4151 1282 4214 ούκοῦν
1298 4148 1463 4232 ἀποτόμως

347 4241 497 4328 οὐδέτερα
520 4242 685 4331 οὐδετέρῳ,
720 4246 813 4331 μόνον
836 4248 871 4310 δὲ
893 4249 927 4310 τδ
948 4247 1115 4330 λογιστικὸν
1131 4247 1182 4308 καὶ
1196 4248 1460 4330 ἡγεμονικώτατον

345 4344 400 4404 τοῦ
423 4346 477 4404 νοῦ
499 4346 554 4405 τοῦ
582 4345 764 4427 πράττοντος
791 4345 1015 4429 διακρινοῦμεν,
1037 4342 1167 4427 πότερον
1188 4343 1290 4428 ὀρθῶς
1310 4346 1460 4429 μετῆλθεν

345 4438 431 4523 ἣμὴ
452 4441 486 4504 τδ
505 4440 723 4526 πραττόμενον.
764 4441 798 4504 τδ
828 4441 864 4504 δὲ
895 4443 1158 4526 ἡγεμονικώτατον
1192 4445 1245 4524 τῆς
1266 4446 1320 4504 τοῦ
1343 4441 1460 4527 ἀνθρύ-

346 4556 407 4598 που
437 4536 574 4607 διανοίας
602 4539 647 4601 ότι
678 4539 852 4601 παντάπασι
880 4543 1018 4624 προσῆκε
1050 4537 1127 4601 κατὰ
1153 4539 1203 4602 τὸν
1230 4537 1346 4602 ἐκείνου
1369 4538 1459 4622 λόγον
