3517 5434
847 693 890 753 43
1261 709 1286 760 Β
1303 705 1433 764 Ά-ῦῧι

318 857 430 942 ἀνιαρὰ
456 857 612 941 τυγχάνη,
642 860 719 941 πρδς
746 857 851 941 μέντοι
878 859 1029 942 σωτηρίαν
1058 859 1231 942 ἀνθρώπων
1260 861 1434 943 ἀναγκαίως
1477 937 1480 940 ,

319 953 472 1037 ἐπάγεται.
527 951 579 1025 20,
612 954 629 1016 ό
653 953 757 1037 μέντοι
778 957 855 1039 πρὸς
873 954 1021 1039 ἀλήθειαν
1041 956 1179 1042 [μανείς]
1203 953 1311 1041 Μάνης
1336 959 1433 1041 πάντη

319 1051 421 1136 ἑαυτη·
449 1051 627 1136 μαχόμενος
652 1051 766 1133 ἀγνοεῖ.
809 1054 838 1116 εἰ
859 1053 916 1136 γὰρ
941 1053 1108 1140 ἐπιβλαβὴς
1129 1057 1182 1136 τῆς
1206 1053 1281 1138 ῦλης
1303 1056 1321 1138 ἡ
1346 1054 1434 1138 αῦίη-

320 1170 381 1228 σις,
414 1150 459 1217 τίς
487 1149 545 1212 οὐκ
574 1147 610 1212 ἀν
641 1148 778 1213 αίσθοιτο
814 1154 856 1219 ώς
886 1149 1061 1214 τοῦναντίον
1092 1151 1111 1235 ἢ
1145 1150 1227 1233 λέγει
1262 1153 1435 1239 συμβαίνειγ

319 1245 525 1330 αὐξηθήσεται
554 1247 609 1331 μὲν
636 1246 694 1332 γὰρ
723 1248 799 1331 αῦτη
822 1247 901 1311 κατὰ
924 1247 1096 1332 ἀνθρώπων
1117 1249 1322 1318 ἀδιαλείπτως
1342 1249 1468 1334 εὐθηό

318 1343 476 1427 νουμένων
492 1346 543 1407 καί
554 1349 684 1429 τρυφαῖς
696 1344 927 1429 ἐσχολακότων,
948 1347 1053 1430 γαστρί
1069 1347 1119 1408 καὶ
1136 1350 1199 1415 τοῖς
1213 1346 1289 1430 μετὰ
1302 1345 1436 1431 γαστέρα

315 1440 529 1507 δουλευόντων
556 1478 595 1490 -
620 1443 828 1527 μειωθήσεται
856 1444 892 1506 δὲ
913 1442 956 1510 εἰς
977 1441 1013 1504 τὰ
1036 1445 1166 1526 μάλιστα
1191 1443 1241 1507 διά
1265 1446 1361 1526 λιμών
1384 1445 1436 1507 καί

321 1540 438 1623 λοιμῶν
466 1541 516 1602 καί
542 1540 701 1617 θανάτων,
728 1538 911 1623 πρό[σ]υδον
935 1539 1030 1624 ταότη
1054 1540 1094 1624 μὴ
1117 1539 1339 1624 ἐπιτρεπόντων
1360 1543 1436 1626 πρὸς

319 1634 439 1699 ἀδικίαν
459 1635 632 1722 αὐξήσεως·
658 1640 738 1701 ώστε
755 1640 807 1701 καί
826 1639 907 1706 εἰκὸς
925 1637 962 1722 ήν
983 1638 1075 1703 αὐτὸν
1095 1637 1199 1721 ἀγαθὰ
1218 1643 1314 1701 ταῦτα
1332 1640 1435 1702 καλεῖν

319 1732 396 1795 κατὰ
423 1734 476 1817 τήν
505 1734 650 1800 ὑπόθεσιν
676 1735 730 1819 τὴν
762 1736 874 1800 ἑαυτοῦ
903 1738 1019 1820 μᾶλλον
1048 1735 1067 1819 ἢ
1095 1736 1183 1799 κακά.
1234 1735 1315 1799 οῦτω
1342 1735 1370 1804 ,δ’
1396 1733 1431 1798 ἀν
1452 1745 1484 1798 10

321 1828 409 1902 ἔδοίε
438 1834 593 1919 βελτίονος
621 1831 783 1918 ἐφικέσθαι
811 1833 924 1916 λόγου,
954 1832 982 1895 εἰ
1014 1832 1054 1916 μὴ
1082 1833 1171 1895 πάλιν
1197 1831 1233 1894 τά
1256 1831 1337 1916 ήδέα
1360 1833 1436 1917 πρὸς

320 1928 417 1998 άλλας
438 1931 575 2000 ἐναντίας
593 1929 692 2017 ἀρχὰς
710 1929 849 2014 τῷλόγῳ
863 1929 967 2014 φέρων
984 1928 1072 2000 αῦθις
1084 1927 1164 1994 κακά
1176 1928 1435 2014 προσηγόρευσεν.

319 2027 423 2110 ἀγαθά
451 2028 508 2114 γὰρ
539 2027 712 2113 ἀμφότερα,
746 2025 829 2112 λόγῳ
850 2029 927 2111 πρὸς
946 2027 1067 2110 ἀγαθοῦ
1088 2027 1165 2090 θεοῦ
1187 2025 1374 2109 ἐπαγόμενα.
1418 2029 1435 2091 ό

320 2126 354 2188 δὲ
374 2126 492 2212 χαίρων
511 2124 551 2212 πή
572 2127 705 2210 ἁμαρτία
722 2128 800 2210 πρὸς
819 2125 961 2188 σῦστασιν
982 2129 1035 2208 τής
1054 2125 1237 2209 ὑφεστώσης
1255 2127 1313 2204 (ώς
1325 2123 1436 2207 οἴεται)

319 2224 425 2292 κακίας
452 2226 593 2288 λυπεῖται
619 2226 695 2309 πρὸς
720 2223 774 2291 τὰς
804 2221 937 2306 ἐναργεῖς
967 2226 1021 2286 τοῦ
1050 2222 1126 2285 θεοῦ
1156 2221 1368 2305 νουθετήσεις,
1393 2223 1432 2286 δι’
1455 2231 1487 2286 15

320 2322 362 2383 ών
385 2321 544 2405 ἄνθρωποι
568 2320 780 2408 βελτιοῦμενοι
805 2321 969 2396 πολλάκις,
1004 2318 1079 2383 ἔνιοι
1100 2320 1135 2382 δὲ
1158 2319 1284 2388 τελείως
1305 2321 1381 2404 πρὸς
1403 2323 1437 2385 τό

318 2423 452 2502 κρεῖττον
489 2418 772 2505 μεταβαλλόμενοι,
804 2415 973 2479 ἀσύστατόν
1005 2439 1040 2500 γε
1076 2416 1172 2482 αὐτοῦ
1206 2419 1240 2482 τδ
1263 2416 1363 2501 δόγμα
1386 2423 1439 2502 τῆς

318 2517 434 2599 πλάνης
461 2516 678 2602 ἀποφαίνουσι.
730 2512 779 2586 27.
812 2515 890 2598 πρὸς
915 2515 949 2578 δὲ
977 2514 1096 2584 τούτοις
1123 2515 1228 2589 ἅπασι,
1257 2519 1316 2578 τών
1349 2518 1437 2600 συνή-

320 2612 384 2681 θως
403 2614 462 2678 ῦπδ
483 2613 559 2677 θεοῦ
584 2612 791 2698 δωρουμένων
812 2617 898 2695 κοινή
918 2616 1007 2676 πᾶσιν
1029 2613 1205 2698 ἀνθρώποις
1223 2613 1277 2694 [εἰ]
1302 2615 1438 2698 μηδεμία

321 2707 398 2772 ἔστιν
429 2710 480 2774 ὅτε
507 2712 666 2797 συνέβαινε
687 2712 937 2794 κώλυσις,φορή
960 2709 1084 2795 φόσεως
1105 2710 1141 2775 ἄν
1163 2732 1242 2780 τινος
1264 2712 1436 2798 ἀμεταβλή·
1454 2719 1489 2776 ῦῦ

320 2829 373 2869 του
402 2808 454 2891 τήν
481 2810 629 2894 χορηγίαν
656 2808 757 2873 αῦτῦιν
783 2806 934 2871 ἀνέθεσαν
963 2807 1122 2892 ἅνθρωποι
1148 2810 1199 2872 καὶ
1228 2808 1284 2872 οὐκ
1314 2807 1349 2872 ἀν
1380 2809 1434 2893 μὲν

321 2903 485 2990 δεχόμενοι
505 2911 601 2969 ταῦτα
621 2908 710 2992 χάριν
733 2904 938 2990 ὡμολόγησαν
959 2914 1002 2992 τερ
1025 2904 1148 2986 διδόντι,
1170 2905 1227 2970 οὐκ
1249 2905 1285 2969 ἀν
1309 2907 1343 2970 δὲ
1364 2905 1436 2993 γ’γ’τη-

322 3024 376 3064 σαν
407 3002 448 3086 μή
477 3000 609 3087 ἔχοντες.
654 3002 810 3087 στέρονται
839 3007 1000 3087 τοιγαροῦν
1031 3002 1126 3066 ἐνίοτε
1154 3004 1231 3088 πρὸς
1258 3003 1359 3086 ὀλίγον
1388 3003 1437 3067 ίνα

322 3099 482 3183 αἰτήσωσι,
511 3102 561 3164 καί
582 3100 725 3186 δέχονται
747 3097 835 3168 αὖθις
858 3099 907 3162 ἵνα
929 3101 1018 3185 χάριν
1039 3102 1258 3186 ὁμολογήσωσι
1278 3107 1322 3185 τῷ
1343 3123 1435 3186 χορη·

197 3231 201 3235 -
320 3201 432 3280 γοῦντι,
452 3200 650 3280 γινώσκοντες
671 3203 714 3268 ώς
736 3198 827 3267 αὐτός
847 3221 883 3282 γε
907 3198 985 3261 ἐστὶν
1006 3198 1022 3260 ό
1042 3197 1189 3283 παρέχων
1209 3200 1260 3262 καὶ
1284 3197 1320 3261 οῦ
1346 3199 1435 3283 φῦσις
1454 3211 1488 3265 κο

321 3294 400 3377 άλλη
424 3317 467 3363 τις
485 3295 569 3378 παρὰ
587 3295 638 3357 τδν
651 3295 725 3359 θεὸν
740 3294 861 3380 ἄκριτός
875 3319 908 3358 τε
923 3297 974 3360 καὶ
988 3295 1230 3381 ἀμετάβλητοςὴ
1247 3298 1438 3380 χορηγοῦσα.

305 3392 466 3480 -βοῦλεται
482 3395 517 3457 δὲ
529 3392 602 3461 θεὸς
613 3393 727 3457 εἰδέναι
739 3395 828 3478 χάριν
844 3393 1028 3477 ἀνθρώπους
1041 3391 1135 3479 αῦτηῦ,
1149 3392 1197 3456 ίνα
1212 3393 1372 3478 ἀξιώτεροι
1384 3397 1437 3458 τοῦ

320 3492 486 3578 λαμβάνειν
503 3492 540 3554 τά
555 3489 622 3575 παρ’
640 3491 735 3556 αὐτοῦ
749 3490 907 3575 γένωνται,
923 3491 982 3577 οὐχ
995 3489 1043 3553 ίνα
1056 3514 1083 3554 τι
1093 3493 1294 3576 καρπώσηται
1310 3492 1353 3560 εἰς
1368 3492 1437 3555 ἑαυ·
1523 3536 1529 3546 ·

320 3587 381 3652 τόν.
424 3588 568 3674 βούλεται
589 3588 624 3651 δὲ
643 3587 746 3670 ἀγαθά
767 3587 895 3656 τούτους
915 3589 1018 3665 αἰτεῖν,
1040 3588 1089 3652 ίνα
1109 3589 1273 3674 δεχόμενοι
1295 3587 1436 3673 αἴσθησιν

320 3688 375 3747 τοῦ
394 3687 603 3771 χορηγοῦντος
624 3684 730 3770 ἔχωσι.
758 3683 861 3767 χαίρει
880 3685 935 3768 μὲν
957 3686 1015 3770 γὰρ
1033 3687 1071 3750 τὰ
1093 3685 1165 3772 παρ’
1190 3687 1302 3752 ἑαυτοῦ
1323 3687 1436 3763 διδούς,
1454 3695 1490 3752 3⁰

319 3781 422 3866 χαίρει
440 3783 475 3845 δὲ
494 3783 610 3866 μᾶλλον
627 3781 722 3852 ἀξίοις
738 3780 851 3857 διδούς,
867 3784 910 3851 ώς
926 3787 979 3866 τής
997 3785 1229 3870 φιλανθρωπίας
1244 3783 1355 3869 τρόπον
1371 3785 1437 3850 τινὰ
1551 3812 1554 3818 ·

320 3878 554 3964 ἀτιμαζομένης,
575 3879 603 3942 εἰ
625 3879 665 3963 μὴ
688 3878 765 3962 πρδς
785 3876 989 3962 εὐαισθήτους
1007 3881 1148 3964 γίγνοιτο,
1169 3880 1299 3964 εῦλόγου
1318 3883 1353 3946 δὲ
1370 3883 1436 3946 λίαν

320 3975 582 4061 ἀποφαινομένης,
603 3977 631 4039 εἰ
649 3976 726 4060 πρὸς
744 3976 777 4038 τδ
796 3975 945 4061 δέχεσθαι
964 3978 1014 4040 τδν
1034 3983 1226 4063 χορηγοῦντα
1243 3981 1319 4066 ὑπὲρ
1338 3982 1438 4044 πάντα

320 4071 422 4158 ἔχοιεν
451 4074 482 4136 οἱ
514 4072 688 4159 δεχόμενοι.
750 4070 801 4146 28.
835 4070 890 4157 κᾷν
920 4071 1025 4142 πόλεις
1049 4076 1083 4138 δὲ
1104 4079 1341 4154 καταπίπτωσιν,
1376 4077 1437 4140 έπι·

186 4194 189 4200 ’
321 4170 478 4254 φυομένης
496 4172 640 4257 ἀσεβείας
653 4171 719 4250 (οἷα
735 4172 773 4255 δή
793 4171 844 4235 καί
866 4171 973 4254 πρώην
996 4169 1045 4233 ἰπὶ
1063 4177 1117 4236 τοῦ
1142 4173 1208 4236 λίαν
1229 4175 1437 4262 ἀσεβήσαντας
1454 4187 1488 4243 θα

320 4266 446 4328 καὶτῶν
464 4269 602 4332 εἰδώλων
622 4270 675 4352 τὴν
695 4269 812 4353 πλάνην
825 4267 1080 4351 ἀναμνήσαντος),
1095 4269 1253 4354 φθείρεται
1268 4275 1287 4355 ή
1304 4273 1450 4357 ἁμαρτία·

320 4361 376 4424 καὶ4
394 4367 533 4445 μειοῦται
550 4366 570 4448 ή
589 4365 667 4430 κατὰ
687 4366 764 4428 θεοῦ
785 4366 903 4448 πλάνη·
926 4365 1060 4428 θανάτου
1082 4367 1117 4429 δὲ
1135 4367 1212 4430 κατὰ
1232 4368 1321 4452 φῦσιν
1340 4369 1436 4434 πλέον

321 4456 412 4521 οῦδὲν
444 4460 574 4541 γίγνεται
604 4463 655 4525 καί
684 4465 792 4547 ήκιστα
822 4464 917 4526 κακὸν
947 4464 981 4527 τδ
1012 4467 1066 4547 τῆς
1099 4463 1185 4532 θείας
1214 4463 1436 4550 ἐπιστρεφείας.

321 4552 494 4619 τοῦναντίυν
523 4556 577 4641 μὲν
606 4556 659 4622 οῦν
688 4563 731 4628 ώς
759 4559 791 4623 ἐν
820 4560 985 4646 φαρμάκου
1013 4558 1089 4623 σίδει
1112 4559 1246 4644 ἀγαθόν,
1278 4562 1372 4626 κακὸν
1402 4564 1437 4628 δί
