3517 5434
870 681 913 744 64

337 847 506 933 εὐαγγελίῳ
532 849 645 932 ,πάτερ
666 848 775 924 δίκαιε,
797 848 849 910 καί
869 846 1015 931 δκόσμος
1036 869 1070 909 σε
1090 846 1147 910 οὐκ
1168 844 1256 929 ἔγνω,
1280 844 1341 928 ἐγὼ
1362 846 1397 908 δὲ
1419 846 1455 908 σὲ

337 942 464 1028 έγνων“.
511 947 541 1009 τί
559 947 740 1030 πράξωμενς
772 945 984 1034 νῦὲτα-δῶμεν
1015 950 1059 1030 τῷ
1084 944 1196 1027 ῥήματι
1218 949 1273 1008 τοῦ
1300 947 1455 1026 σωτῆροςς

336 1044 543 1128 ἀπιστήσομεν
575 1050 620 1128 τῷ
645 1040 848 1127 γεγραμμένῳ
874 1033 895 1126 ἦ
919 1042 952 1104 τδ
978 1041 1032 1125 μέν
1055 1042 1138 1126 ῥῆμα
1159 1039 1362 1124 θαυμάσομεν
1386 1044 1455 1124 (τῆς

334 1135 392 1222 γὰρ
412 1141 561 1224 ἀληθείας
584 1141 647 1204 ἐστὶ
670 1140 786 1224 ῥῆμα),
817 1136 1116 1219 οὐαλεντι[νια]νούς
1146 1138 1180 1200 δὲ
1209 1141 1251 1206 ὡς
1280 1137 1455 1223 μεμηνότας

301 1237 388 1304 οκαὶ
408 1237 630 1319 δαιμονιῶντας
648 1235 707 1306 ἔξω
730 1242 790 1300 τῶν
810 1237 992 1318 θεοπρεπῶν
1013 1237 1064 1300 καὶ
1086 1237 1175 1320 ἱερῶν
1198 1236 1363 1320 συνεδρίων
1385 1237 1453 1319 στή-

338 1355 448 1416 σομεν,
474 1334 541 1398 ἀλλ’
566 1335 672 1418 ἐπειδὴ
696 1333 810 1398 ἄτοπόν
830 1358 858 1397 τι
876 1335 1037 1420 πάσχομεν
1060 1335 1110 1398 τδν
1132 1333 1210 1398 κατὰ
1232 1338 1292 1396 τῶν
1313 1335 1452 1417 αίρεσιω-

335 1434 395 1492 τῶν
416 1431 599 1515 μηκόνοντες
621 1430 724 1514 λόγον,
745 1432 786 1515 μὴ
808 1431 920 1515 ταύτης
932 1435 986 1514 τῆς
1003 1429 1182 1500 ὑποθέσεως
1196 1432 1279 1514 ἡμᾶς
1292 1431 1452 1513 ἑλκούσης,

336 1528 606 1613 ἀνακαλεσάμεθα
637 1531 687 1592 τὸν
721 1528 813 1612 λόγον
843 1531 895 1592 καὶ
924 1529 972 1592 ἐπὶ
999 1529 1052 1612 τὴν
1078 1527 1280 1612 ὑποκειμένην
1306 1527 1452 1592 ὑπόθεσιν

335 1626 547 1709 χωρήσωμεν,
576 1629 742 1691 καὶταῦτα
762 1630 816 1689 τοῦ
842 1628 1020 1694 λυσιτελοῦς
1043 1626 1144 1688 ἕνεκεν
1169 1626 1371 1710 ἐσκεμμένοι,
1403 1624 1452 1687 ἵνα

286 1735 320 1788 10
338 1725 414 1807 μήτε
444 1723 533 1794 οῦτος
563 1727 579 1789 δ
603 1723 694 1807 λόγος
716 1725 813 1808 πάντη
837 1722 1070 1808 σεσιωπημένος
1088 1725 1161 1808 ήμῖν
1185 1724 1321 1808 ῦπάρχη.
1363 1727 1450 1807 τριχῆ

335 1820 392 1904 γὰρ
412 1823 432 1904 ή
452 1824 584 1906 πονηρία
604 1820 774 1906 διῃρημένη
794 1823 872 1887 κατὰ
891 1828 945 1888 τοῦ
965 1821 1062 1905 νόμου
1084 1820 1253 1906 ἐφθέγξατο
1274 1821 1325 1884 καὶ
1344 1819 1451 1882 τοσαύ-

335 1942 400 1987 ταις
421 1921 612 2004 χρησάμενοι
635 1918 813 2003 διαιρέσεσι,
836 1921 994 1989 τοσούτοις
1015 1919 1164 2004 κέχρηται
1188 1920 1239 1982 καὶ
1260 1923 1323 1987 τοῖς
1342 1917 1451 2002 ῦπηρέ-

335 2039 401 2085 ταις
420 2021 471 2080 καὶ
491 2019 675 2102 προστάταις
695 2022 748 2101 τῆς
769 2017 985 2102 βλασφημίας,
1009 2014 1150 2101 ᾑρημένη
1170 2015 1242 2085 τούς
1264 2017 1452 2100 ὑπηρετῆσαι

336 2113 539 2198 δυναμένους,
567 2116 618 2179 καὶ
642 2114 692 2178 διὰ
716 2111 921 2179 Οὐαλεντίνου
944 2116 998 2200 μὲν
1023 2113 1193 2198 σμικρύνειν
1213 2115 1264 2176 τδν
1286 2113 1379 2198 νόμον
1400 2114 1451 2176 καὶ

286 2221 318 2275 15
335 2212 478 2298 χωρίζειν
509 2214 542 2275 τδ
573 2211 768 2294 εὐαγγέλιον,
802 2212 853 2276 διὰ
880 2213 915 2274 δὲ
942 2209 1127 2296 Μαρκίωνος
1155 2209 1349 2295 ἐκτρώματός
1373 2233 1453 2280 τινος

335 2308 415 2372 εἶναι
435 2311 488 2393 τὴν
508 2315 563 2374 τοῦ
584 2310 681 2394 νόμου
704 2312 842 2396 γραφήν,
876 2310 982 2374 διὰδὲ
1005 2307 1181 2394 Μανιχαίου
1204 2314 1341 2393 πονηροῦ
1362 2331 1451 2386 τινος,

335 2407 499 2491 ἀφεγγοῦς,
523 2404 596 2468 όλον
619 2407 755 2476 σκότους.
791 2411 919 2470 τοιαῦτα
941 2406 997 2491 γὰρ
1017 2407 1152 2482 πλάττει,
1171 2411 1298 2472 τοιαῦτα
1318 2407 1451 2492 ῥημάτια

335 2503 508 2585 συντίθησι,
543 2506 731 2580 κενολεκτεῖ,
765 2504 815 2568 διὰ
847 2504 1023 2573 συνθέσεως
1056 2503 1200 2588 ῥημάτων
1233 2497 1450 2588 καταπλήττων

336 2599 430 2668 ἀκοάς
453 2600 673 2683 ἀγυμνάστους.
710 2599 750 2663 δι’
774 2601 790 2666 δ
813 2606 940 2664 τοιαῦτα
965 2602 1120 2686 ἐρωτῆσαι
1141 2603 1202 2666 δεῖ·
1230 2603 1256 2666 εί
1279 2603 1295 2666 ό
1318 2602 1453 2686 πονηρὸς

284 2703 319 2757 20
335 2697 387 2760 τὸν
410 2695 503 2782 νόμον
524 2695 668 2783 ἔγραψεν,
693 2699 709 2762 ό
732 2699 869 2782 ἀφεγγής
891 2699 1016 2778 ἐκεῖνος,
1040 2697 1112 2762 καθ’
1138 2699 1212 2762 ὅλου
1235 2700 1286 2763 καὶ
1308 2699 1350 2762 δι’
1375 2694 1450 2763 δλου

335 2793 443 2863 σκότος
471 2796 532 2876 ὤν,
563 2802 630 2865 πῶς
649 2794 722 2881 ήδει
744 2793 864 2860 έλευσιν
883 2794 987 2879 Ἰησοῦ
995 2821 1004 2873 ;
1035 2804 1102 2866 πῶς
1122 2795 1194 2882 ήδει
1216 2797 1315 2882 ἄφιξιν
1340 2797 1452 2870 αὐτοῦς

333 2895 400 2960 πῶς
420 2893 513 2976 μήπω
532 2898 592 2955 τῶν
614 2895 800 2978 πραγμάτων
823 2894 1046 2978 πεπραγμένων
1065 2899 1192 2978 συνῆκεν
1208 2894 1227 2957 ἃ
1242 2894 1450 2981 ἐβουλεύσατο

335 2990 352 3052 ὁ
383 2989 457 3058 θεὸς
484 2991 536 3054 καὶ
565 2992 806 3075 προκατήγγειλε
834 2993 886 3054 καὶ
916 2993 1138 3076 προεδήλωσε;
1175 2993 1306 3078 φανεραί
1332 2991 1389 3075 γὰρ
1419 2993 1452 3054 αί

333 3090 388 3149 τοῦ
417 3086 514 3170 νόμου
543 3090 661 3174 γραφαὶ
691 3087 811 3152 ἀνωθεν
841 3094 1052 3175 μαρτυροῦσαι
1081 3090 1133 3172 τήν
1164 3089 1263 3175 ἄφιξιν
1294 3094 1347 3152 τοῦ
1372 3089 1451 3152 υίοῦ.

283 3190 318 3246 θίι
336 3184 364 3246 εί
385 3184 517 3269 μὲνγὰρ
541 3185 662 3269 ἐροῦσιν
679 3182 718 3249 ‘0
740 3185 834 3271 νόμος
854 3185 913 3250 οὐκ
935 3187 1092 3272 ἐδήλωσεν
1113 3186 1183 3250 οὐτε
1205 3192 1362 3273 προφῆται
1379 3209 1451 3270 προ-

335 3282 503 3365 εσήμαναν,
522 3282 602 3371 κατά
618 3288 678 3346 τῶν
699 3291 868 3370 προφανῶν
890 3283 1096 3370 φθεγγόμενοι
1117 3285 1367 3370 ἐλεγχθήσονται,
1391 3283 1452 3369 οὐχ

333 3379 422 3461 ἡμῶν
444 3379 618 3444 πλεκόντων
641 3382 692 3443 τὀν
715 3377 856 3465 ἔλεγχον,
880 3382 950 3444 ἀλλ’
975 3380 1075 3444 αὐτῶν
1097 3387 1157 3444 τῶν
1181 3382 1368 3466 εὐαγγελίων
1393 3407 1450 3470 φα-

275 3561 279 3571 .
334 3482 430 3560 νερῶς
456 3476 675 3561 φθεγγομένων
701 3478 753 3540 καὶ
777 3476 841 3540 ἀνω
863 3479 915 3540 καί
935 3479 1018 3542 κάτω
1043 3480 1203 3564 βοώντων,
1234 3484 1275 3564 πῆ
1303 3481 1356 3564 μὲν
1382 3483 1451 3560 ,ἵνα

333 3573 489 3658 πληρωθῇ
505 3574 539 3636 τθ
556 3574 648 3658 ῥηθὲν
662 3574 712 3636 διὰ
723 3572 857 3636 Ἧσαίου
871 3580 926 3638 τοῦ
940 3579 1135 3662 προφήτου“,
1153 3583 1195 3662 πή
1213 3580 1248 3642 δὲ
1263 3580 1339 3656 ,οὐκ
1351 3581 1450 3666 ήλθον

282 3681 318 3736 ³⁰
335 3673 504 3734 καταλύσει
517 3672 568 3734 τδν
582 3671 686 3754 νόμον,
712 3670 792 3735 ἀλλὰ
813 3676 1007 3756 πληρῶσαι“.
1050 3676 1135 3739 εἰδὲ
1158 3677 1192 3740 ἐκ
1214 3676 1322 3742 τούτου
1342 3683 1452 3753 σαφῶς

334 3767 533 3852 ἐλεγχόμενοι
555 3768 752 3848 συντίθενται,
774 3770 804 3836 τί
824 3773 1059 3858 ἀποκρινοῦνται
1067 3797 1077 3849 ;
1107 3774 1135 3836 εί
1155 3773 1212 3857 γὰρ
1239 3775 1361 3851 ,οὐδεὶς
1383 3777 1450 3841 οίδε

332 3863 369 3927 τὰ
381 3870 435 3928 τοῦ
446 3866 534 3942 θεοῦ,
553 3866 581 3928 εί
601 3866 642 3949 μὴ
663 3867 697 3930 τδ
716 3874 838 3954 πνεῦμα
858 3875 913 3936 τοῦ
934 3870 1044 3948 θεοῦ“,
1066 3873 1082 3935 ὁ
1098 3872 1133 3934 δὲ
1148 3872 1198 3934 τθν
1214 3871 1307 3955 νόμον
1320 3875 1449 3959 γράφων

331 3960 403 4045 ήδει
430 3963 467 4027 τὰ
497 3963 529 4026 ἐν
556 3969 601 4048 τῷ
626 3964 693 4050 θεῷ
719 3967 769 4028 καὶ
797 3967 945 4051 ἠπίστατο
976 3967 1035 4038 όσα
1064 3967 1210 4052 ἐβούλετο
1240 3970 1368 4049 όθεός,
1397 3974 1450 4036 καὶ

333 4057 384 4122 διὰ
403 4064 493 4123 τοῦτο
517 4063 708 4147 γεγράφηκεν
732 4063 763 4134 ἐξ
788 4064 964 4134 ἐπιστασίας
987 4065 1037 4128 καί
1061 4065 1243 4150 ἐπιστήμης,
1277 4069 1293 4132 ό
1320 4071 1449 4154 γράφων

281 4169 316 4222 ³5
336 4154 395 4239 ἀρα
414 4156 491 4220 θεοῦ
513 4156 550 4241 ήν
570 4159 621 4220 καὶ
640 4159 714 4228 θεὸς
734 4160 771 4245 ήν
793 4161 844 4224 καί
867 4162 898 4224 ἐν
915 4166 964 4245 τῷ
982 4161 1049 4246 θεῷ
1071 4162 1107 4247 ήν
1129 4165 1179 4226 καὶ
1204 4163 1254 4227 διὰ
1275 4170 1365 4228 τοῦτο
1389 4166 1450 4230 ὅσα

333 4252 479 4338 ἐβούλετο
504 4257 520 4318 ό
540 4256 613 4325 θεὸς
631 4259 796 4342 λελάληκε,
815 4263 895 4322 νοῶν
915 4258 952 4322 τὰ
974 4259 1005 4322 ἐν
1023 4265 1068 4346 τῷ
1086 4261 1154 4347 θεῷ
1171 4262 1222 4324 καί
1240 4261 1297 4325 οὐκ
1318 4265 1448 4347 ἀγνοῶν.

276 4412 280 4421 ,
333 4351 361 4412 εί
391 4351 426 4412 δὲ
455 4352 508 4435 τήν
533 4354 685 4439 ἡμετέραν
713 4357 842 4440 καρδίαν
872 4355 955 4420 οίδεν
986 4358 1103 4434 οὐδείς,
1137 4357 1229 4442 μόνος
1254 4360 1289 4423 δὲ
1319 4360 1401 4424 οίδεν
1430 4364 1448 4428 δ

331 4450 475 4533 ποιητής,
498 4452 549 4514 καί
572 4454 720 4535 μανθάνει
744 4454 798 4536 μὲν
820 4455 840 4536 ή
862 4454 999 4540 ἡμετέρα
1022 4457 1133 4540 καρδία
1155 4455 1226 4525 τούς
1251 4456 1380 4536 ἄλλους,
1409 4458 1448 4523 οὐ

333 4544 459 4610 δύναται
488 4548 523 4612 δὲ
555 4550 719 4633 μανθάνειν
749 4554 800 4616 τδν
829 4551 922 4629 θεόν,
953 4552 973 4616 ἀ
1002 4553 1036 4618 δὲ
1066 4553 1213 4640 ἐβούλετο
1244 4557 1260 4620 δ
1289 4555 1364 4624 θεὸς
1391 4556 1450 4620 οὐκ
