3517 5434
849 625 907 684 101
1324 632 1435 710 Γρηηύρ.

319 787 377 873 γδρ
400 785 526 858 Παῦλος
546 789 602 854 ένα
624 790 680 873 μὲν
703 789 753 854 ἐπὶ
776 795 829 874 τῖγς
849 788 999 873 θεότητος
1019 789 1069 854 τὸν
1092 787 1210 873 πατέρα
1234 790 1303 874 βοᾷ,
1325 789 1379 854 έναι
1401 789 1436 854 δδ

320 887 372 950 δπὶ
392 891 445 971 τῖης
466 885 645 970 κυριότητος
664 889 716 952 τδν
739 890 804 952 υίδν
826 887 910 970 λέγει
934 887 997 964 ,εἷς
1020 887 1093 954 θεὸς
1115 887 1132 950 6
1152 887 1265 971 πατήρ,
1289 885 1320 956 ὲὺ
1342 884 1378 950 ού
1399 885 1436 950 τὰ

319 983 418 1048 πάντα
444 985 494 1048 καὶ
522 985 613 1068 ἡμεῖς
640 985 684 1054 είς
709 984 812 1062 αὑτόν,
838 985 890 1048 καὶ
912 983 955 1054 είς
965 984 1080 1067 ,κύριος
1096 981 1216 1068 Ἰησοῦς
1236 982 1369 1069 χριστός,
1393 983 1432 1046 δι’

320 1078 358 1144 οὑ
378 1081 416 1144 τό
437 1083 536 1146 πάντα
557 1082 609 1146 καὶ
629 1083 720 1166 ἡμεῖς
738 1082 778 1144 δι’
799 1082 930 1168 αύτοῦ“·
954 1085 1116 1165 τοιγαροῦν
1139 1082 1194 1161 [εί]
1214 1081 1257 1149 εἷς
1277 1081 1330 1164 μὲν
1351 1079 1435 1158 θεός,

319 1178 424 1264 κύριος
446 1179 481 1242 δέ
503 1180 556 1257 εἷς,
579 1179 611 1243 ἓν
635 1181 671 1243 δδ
691 1177 860 1263 πρόσωπον
885 1180 955 1244 καθ’
982 1179 997 1243 δ
1021 1176 1134 1261 θεότης
1155 1183 1224 1264 μιῦις
1245 1175 1433 1261 κυριότητος,
1452 1185 1469 1242 ὑ

319 1276 462 1345 καὶπῶς
488 1278 663 1343 πιστεύεται
692 1277 726 1340 τδ
757 1277 809 1354 ,ἐξ
836 1275 893 1340 ού“
923 1279 974 1342 καὶ
1005 1277 1064 1354 ,δι’
1090 1275 1146 1340 οὑ“
1178 1279 1220 1344 ῶς
1239 1275 1435 1360 προείρηταις

319 1373 371 1436 καὶ
398 1372 434 1436 ού
458 1374 673 1444 διακόπτοντες
693 1377 783 1459 ἡμεῖς
801 1379 855 1458 τῆς
875 1374 1023 1459 θεότητος
1044 1376 1097 1458 τὴν
1120 1373 1283 1458 κυριότητα
1306 1373 1435 1456 λέγομεν

320 1469 387 1534 οὔδ’
411 1470 688 1557 ἀπαλλοτριοῦντες
706 1472 841 1557 θατέρου
862 1473 1004 1557 θάτερον,
1027 1472 1096 1538 ἀλλ’
1118 1473 1216 1540 οὑτως
1237 1470 1375 1551 ἑνοῦντες
1394 1475 1437 1540 ῶς

321 1564 388 1651 ἔχει
397 1569 432 1632 τδ
444 1572 572 1652 πρᾶγμα
582 1571 634 1632 καὶ
645 1571 664 1652 ἡ
676 1569 821 1653 ἀλήθεια,
828 1571 879 1634 καὶ
890 1571 963 1636 θεὸν
974 1571 1028 1655 μὲν
1040 1571 1090 1636 τδν
1103 1571 1168 1634 υίδν
1180 1575 1223 1655 τῶ
1234 1569 1375 1652 ἰδιώματι
1381 1573 1435 1632 τοῦ

319 1666 433 1750 πατρδς
444 1668 609 1735 καλοῦντες
622 1671 665 1735 ῶς
680 1659 784 1730 είκύνα
796 1668 847 1730 καὶ
863 1666 1009 1750 γέννημα,
1028 1665 1131 1751 κύριον
1148 1667 1182 1730 δὲ
1195 1667 1244 1730 τδν
1258 1666 1376 1750 πατέρα
1392 1671 1436 1751 τηὺ
1454 1683 1487 1738 ις

319 1768 373 1828 τοῦ
394 1765 462 1832 ένδς
486 1765 593 1848 κυρίου
615 1764 898 1849 προσαγορεύοντες
918 1762 1045 1848 δνύματι
1070 1767 1112 1832 ῶς
1131 1763 1240 1828 τούτου
1264 1763 1362 1848 ἀρχὴν
1385 1765 1436 1828 καὶ

319 1863 495 1947 γεννήτορα.
532 1861 570 1926 τόι
594 1861 673 1926 αὑτὰ
696 1861 731 1924 δὲ
753 1862 805 1926 καὶ
824 1862 894 1945 περὶ
915 1865 969 1924 τοῦ
992 1859 1180 1944 πνεύματος,
1212 1860 1340 1946 ἑνότητα
1361 1863 1437 1944 πρδς

319 1960 370 2022 τδν
391 1960 456 2023 υίθν
481 1958 618 2045 ἔχοντος,
638 1959 675 2042 ἣν
692 1961 708 2024 6
723 1960 789 2027 υίδς
810 1960 887 2042 πρδς
906 1960 956 2024 τδν
977 1959 1112 2042 πατέρα·
1136 1960 1216 2022 ιὺστε
1238 1957 1435 2042 γνωριζέσθω

320 2057 375 2140 μέν
399 2059 418 2140 ἡ
443 2057 609 2126 ὑπόστασις
628 2061 683 2120 τοῦ
704 2058 818 2141 πατρδς
837 2062 876 2140 τῇ
896 2061 950 2120 τοῦ
974 2056 1050 2119 θεοῦ
1073 2057 1282 2141 προσηγορία,
1308 2056 1348 2139 μὴ
1374 2057 1435 2118 δια-

319 2156 481 2240 τετμήσθω
507 2156 542 2218 δὲ
561 2154 673 2238 ταύτης
693 2155 710 2218 6
735 2155 799 2222 υίδς
822 2158 864 2223 ῶς
885 2155 927 2218 ῶν
950 2153 984 2216 ἐκ
1004 2153 1091 2230 θεοῦ,
1113 2152 1311 2237 γνωριζέσθω
1332 2155 1435 2218 δὲκαὶ
1454 2169 1487 2226 ις

319 2253 353 2316 τδ
382 2252 549 2337 πρόσωπον
579 2256 634 2315 τοῦ
663 2253 731 2315 υἱοῦ
760 2258 800 2336 τῇ
822 2257 877 2316 τοῦ
904 2250 1009 2335 κυρίου
1038 2251 1245 2334 προσηγορίᾳ,
1279 2252 1320 2334 μὴ
1344 2275 1436 2336 χωρι-

320 2347 422 2421 ζέσθω
447 2350 483 2412 δὲ
503 2349 615 2433 ταύτης
638 2350 655 2413 6
678 2350 752 2418 θεδς
771 2350 910 2434 [πατηρ],
935 2348 1039 2432 κύριος
1062 2348 1104 2410 ῶν
1130 2350 1172 2416 ῶς
1192 2349 1298 2433 κυρίου
1321 2351 1435 2434 πατήρ·

318 2444 389 2510 καθ’
420 2445 506 2532 δτηῦ
529 2447 583 2529 μὲν
609 2448 667 2532 υἱιηῦ
691 2449 724 2511 τδ
749 2447 899 2531 κυριεύειν
926 2445 1021 2522 ἴδιον,
1053 2444 1138 2530 αὐτῷ
1164 2445 1438 2532 δεδημιουργηκὺτι

319 2542 358 2608 δι’
382 2545 494 2608 ἑαυτοῦ
517 2546 568 2608 καὶ
591 2543 762 2629 κυριεύοντι
782 2550 843 2608 τῶν
866 2543 1100 2628 πεποιημένων,
1123 2550 1166 2629 τηῖ
1190 2545 1225 2608 δὲ
1246 2547 1337 2630 πατρὶ
1360 2546 1436 2610 όνω·

318 2640 415 2725 τέρως
438 2642 575 2727 ὑποίρχον
599 2646 642 2711 ῶς
661 2642 752 2725 πατρὶ
768 2645 822 2704 τοῦ
837 2640 1031 2724 κυριεύοντος
1044 2641 1115 2706 ὄντι.
1149 2642 1230 2705 οὑτω
1247 2642 1284 2724 δὴ
1299 2642 1349 2704 καὶ
1362 2641 1435 2706 θεδν
1453 2656 1488 2714 κο

318 2736 391 2827 [δέ]
414 2739 470 2802 ἕνα
493 2739 595 2825 φαμὲν
614 2740 668 2822 τἠν
681 2739 800 2821 τριοίδα,
822 2737 892 2800 ἀλλ’
915 2735 975 2821 οὑχ
988 2740 1030 2805 ῶς
1042 2738 1077 2802 ἐκ
1090 2737 1265 2808 συνθέσεως
1277 2744 1366 2823 τριῶν
1382 2739 1437 2802 ἕνα

319 2837 435 2906 εἰδότες
453 2835 562 2922 (μέρος
579 2836 636 2919 γὰρ
654 2836 734 2899 ἅπαν
756 2835 863 2903 ἀτελὲς
880 2835 914 2898 τδ
933 2833 995 2914 [ἐκ]
1014 2833 1188 2904 συνθέσεως
1206 2835 1436 2921 ὑφιστάμενον),

319 2936 388 3000 ἀλλ’
410 2939 463 3013 ῶς,
486 2936 562 3018 ὑπερ
585 2933 663 2998 ἐστὶν
686 2934 703 2996 6
725 2933 825 3017 πατὴρ
850 2932 985 3016 ἀρχικῶς
1007 2955 1039 2995 τε
1062 2932 1113 2996 καὶ
1128 2938 1319 3018 γεννητικῶς,
1344 2939 1435 2998 τοῦτο

320 3032 392 3096 ὄντα
404 3034 456 3095 τδν
470 3032 547 3108 υἱόν,
571 3030 676 3095 είκόνα
695 3033 746 3096 καὶ
764 3029 901 3113 γέννημα
916 3034 969 3094 τοῦ
985 3029 1114 3114 πατρός·
1140 3034 1220 3096 ῶστε
1237 3031 1322 3099 εἴτις
1336 3029 1435 3114 ἔροιτο

319 3128 392 3199 Πῶς
412 3130 456 3200 είς
477 3128 567 3205 θεός,
596 3127 681 3212 εἴπερ
707 3129 741 3192 ἐκ
760 3128 837 3192 θεοῦ
862 3127 935 3196 θεὸς
955 3127 1063 3208 [υίός]ς
1096 3129 1226 3212 ἐροῦμεν
1251 3128 1297 3192 ὑτι
1318 3135 1361 3216 τῷ
1384 3134 1487 3213 τῆςύα

319 3227 418 3313 ἀρχῆς
438 3226 533 3312 λόγιμ,
554 3226 627 3289 καθ’
652 3226 685 3289 δν
709 3227 764 3310 μία
784 3225 865 3309 ἀρχὴ
890 3226 906 3288 6
927 3226 1037 3309 πατήρ.
1072 3227 1123 3290 καὶ
1143 3224 1232 3293 εἴτις
1251 3227 1351 3290 αὑτῶν
1365 3250 1436 3292 πυν-

319 3323 443 3388 θοίνοιτο
473 3323 546 3393 Πῶς
574 3324 618 3394 είς
641 3323 764 3408 κύριος,
795 3320 880 3408 εἴπερ
908 3324 1011 3407 κύριος
1038 3323 1054 3386 6
1079 3323 1198 3408 πατήρς
1232 3329 1321 3388 τοῦτο
1346 3326 1435 3390 πόλιν

319 3421 561 3508 ἀποκρινούμεθα
583 3420 664 3487 Καθ’
688 3421 705 3485 6
728 3425 783 3485 τοῦ
804 3422 910 3506 κυρίου
936 3422 997 3484 ἐστὶ
1019 3421 1130 3505 πατήρ.
1166 3421 1217 3486 καὶ
1238 3420 1342 3486 οὐκέτι
1363 3424 1435 3507 ἡμῖν

319 3519 525 3603 ἀπαντήσεται
545 3521 579 3584 τδ
600 3519 717 3603 ἄπορον
738 3522 840 3584 τοῦτο.
873 3520 925 3584 καὶ
945 3521 1034 3584 πάλιν
1053 3517 1106 3582 ἐὰν
1122 3516 1248 3582 εἴπωσιν
1268 3520 1297 3582 οἱ
1315 3519 1437 3605 ἀσεβεῖς

320 3613 392 3683 Πῶς
414 3615 472 3678 ούκ
490 3614 526 3678 ἂν
550 3613 611 3678 εἶεν
631 3619 711 3700 τρεῖς
730 3617 799 3680 θεοὶ
820 3619 888 3702 τρία
911 3616 1081 3700 πρόσωπα,
1110 3615 1137 3678 εί
1160 3617 1229 3699 μίαν
1254 3613 1356 3700 ἔχοιεν
1381 3618 1434 3700 τὴν
1453 3632 1488 3688 ao

318 3709 466 3795 θεότητος
487 3712 618 3796 έροῦμεν
636 3709 763 3797 Ἐπειδὴ
779 3715 881 3784 ὑθεδς
901 3716 981 3800 ἀρχὴ
1004 3714 1053 3777 καὶ
1072 3715 1172 3798 πατήρ
1194 3713 1272 3776 ἐστιν
1294 3719 1348 3778 τοῦ
1366 3715 1436 3780 υἱοῦ

318 3809 369 3872 καὶ
392 3807 482 3879 οὑτος
503 3809 594 3873 εἰκῶν
618 3809 681 3872 ἐστι
707 3812 758 3873 καὶ
780 3810 917 3895 γέννημα
938 3817 992 3876 τοῦ
1014 3812 1130 3895 πατρὸς
1150 3813 1201 3876 καὶ
1222 3811 1279 3876 υύκ
1302 3812 1439 3897 ἀδελφὸς

320 3905 414 3970 αὑτοῦ
429 3908 531 3972 -καὶ
550 3910 674 3991 πνεῦμα
693 3907 842 3977 ῶσαύτως
859 3913 981 3992 πνεῦμα
1002 3908 1078 3971 θεοῦ
1100 3909 1190 3983 ἐστιν,
1212 3912 1255 3978 όις
1272 3908 1439 3993 γέγραπται

321 4010 462 4090 ,πνεῦμα
485 4007 501 4069 6
521 4004 626 4075 θεός“.
658 4004 709 4068 καί
729 4003 850 4068 ἄνωθεν
874 4007 909 4069 δὲ
932 4005 966 4068 ἐκ
986 4009 1041 4070 τοῦ
1064 4006 1226 4089 προφήτου
1250 4006 1349 4092 Δαβὶδ
1375 4012 1438 4091 ,τῷ

319 4099 403 4186 λόγῳ
431 4103 559 4189 κυρίου“
592 4103 766 4186 δεδήλωται
796 4102 887 4180 ,τοὺς
912 4100 1063 4186 ούρανοὺς
1091 4103 1297 4187 έστερεῶσθαι
1319 4103 1370 4167 καὶ
1391 4107 1435 4187 τῷ
1452 4119 1487 4174 35

318 4198 468 4282 πνεύματι
488 4205 543 4264 τοῦ
566 4199 717 4284 στόματος
738 4200 834 4264 αὑτοῦ
855 4205 956 4264 πᾶσαν
974 4201 1030 4284 ,τὴν
1053 4199 1179 4283 δύναμιν
1204 4200 1335 4264 αύτῶν“.
1385 4202 1437 4264 καὶ

319 4295 351 4360 δν
373 4297 457 4383 ἀρχῇ
478 4303 532 4381 τῆς
551 4299 755 4382 κοσμοποιίας
774 4297 940 4383 γέγραπται
963 4297 1062 4365 οὑτως
1089 4298 1160 4373 ,καὶ
1182 4298 1215 4362 τδ
1238 4302 1359 4382 πνεῦμα
1382 4301 1436 4362 τοῦ

207 4384 210 4395 “
318 4392 395 4458 θεοῦ
427 4395 596 4481 ἐπεφέρετο
625 4395 730 4462 ἐπαίνω
759 4402 813 4461 τοῦ
841 4395 984 4464 ὑδατος“.
1027 4396 1078 4458 καὶ
1102 4394 1227 4464 Παῦλος
1251 4395 1286 4456 δὲ
1307 4396 1435 4480 γράφων

312 4485 485 4577 Ῥωμαίοις
510 4493 602 4578 φησὶν
633 4492 741 4579 ,ὑμεῖς
768 4494 803 4558 δὲ
833 4493 890 4558 οὑκ
916 4492 985 4556 ἐστὲ
1008 4493 1040 4556 έν
1063 4492 1168 4577 σαρκί,
1199 4493 1270 4556 ἀλλ’
1294 4491 1327 4554 έν
1347 4492 1435 4556 πνεύ-
