3517 5434
301 729 354 777 cap.
375 709 400 761 9.
422 777 425 781 Δ
713 708 759 760 καί
777 703 939 774 αἰσθήσεως.
1321 703 1354 756 61

300 889 369 947 γοα,
391 865 446 927 καὶ
469 857 596 948 ὄργανα
619 858 780 940 ἀλλήλων.
815 855 889 926 οὔτε
912 854 976 944 γὰρ
1001 857 1019 922 ὁ
1042 855 1140 942 λόγος
1164 863 1357 944 ἐκφωνεῖται

297 978 398 1061 χωρὶς
425 969 583 1052 νοήσεως,
606 966 679 1038 οὔτε
702 971 723 1052 ή
745 969 861 1053 νόησις
883 977 1038 1059 φαίνεται
1057 971 1157 1055 χωρὶς
1179 965 1288 1052 λόγου.
1320 967 1360 1050 ή
1384 970 1404 1035 2

266 1099 281 1150 3
301 1077 360 1150 οὖν
382 1084 544 1162 α’ίσθησις
566 1086 622 1149 καὶ
643 1082 665 1164 ή
687 1081 801 1164 νόησις
816 1081 1068 1174 ἀμφότεραιείς
1090 1077 1148 1146 τὸν
1172 1073 1357 1166 όίνθρωιιον

300 1199 596 1283 σοντιτεισρίοοσιν,
624 1192 784 1275 ἀλλήλαις
813 1193 922 1282 ὥσπερ
945 1196 1237 1278 συμπεπλεγμέναι.
1282 1187 1357 1258 οὔτε

299 1301 362 1391 γὰρ
388 1311 490 1391 χωρίς
519 1302 711 1385 αἰσθήσεως
739 1302 882 1385 δυνατόν
912 1309 1035 1387 νοῆσαι
1062 1299 1136 1370 οίίτε
1168 1305 1357 1370 αἰσθέσθαι
1420 1325 1422 1330 ·

267 1421 399 1502 θγωρὶς
421 1415 573 1497 νοήσεως.
615 1413 756 1482 δυνατόν
779 1421 814 1483 δὲ
835 1415 952 1498 νόησιν
972 1419 1071 1504 χωρίς
1093 1410 1283 1494 αἰσθήσεως
1304 1439 1357 1479 νο-

302 1531 429 1607 εῖσθαι,
450 1525 607 1615 καθάπερ
631 1533 663 1594 οἱ
685 1523 740 1594 διὰ
763 1533 828 1594 τῶν
851 1527 988 1615 ὀνείρων
1010 1523 1254 1616 φανταζόμενοι
1276 1521 1357 1610 ὁρό·

301 1661 408 1724 ματα·
437 1643 511 1723 ἐμοὶ
534 1641 568 1704 δὲ
591 1641 680 1706 δοκεῖ
702 1636 741 1705 τό
762 1646 932 1725 γεγονέναι
961 1636 1154 1726 ἀμφοτέρας
1181 1633 1241 1712 τὰς
1269 1641 1357 1724 ὲνερ·

269 1752 391 1833 ογείας
414 1756 449 1815 ἐν
471 1754 511 1840 τῇ
532 1755 597 1816 τῶν
621 1749 756 1835 ὀνείρων
779 1746 865 1840 όψει,
887 1747 948 1831 τήν
971 1750 1002 1815 δ’
1021 1749 1183 1829 αἴσθησιν
1205 1746 1238 1828 ἐξ
1253 1743 1358 1814 ὕπνου

304 1866 348 1936 εἰς
370 1857 565 1945 ἐγρήγορσιν
588 1864 794 1946 ἐγείρεσθαι·
822 1858 973 1952 διῄρηταί
1000 1885 1036 1946 γε
1061 1858 1078 1926 ὁ
1102 1856 1284 1946 ἄνθρωπος
1313 1860 1357 1934 είς

303 1967 398 2036 τετὸ
422 1975 518 2055 σῶμα
539 1975 595 2036 καὶ
618 1978 663 2049 τίς
685 1969 745 2053 τήν
766 1969 894 2063 ψυχήν·
921 1973 977 2038 καὶ
1000 1967 1083 2036 όταν
1111 1967 1287 2062 ἀμφότερα
1315 1964 1357 2033 τὰ

252 2097 283 2146 12
300 2088 383 2166 μέρη
406 2084 465 2160 τῆς
487 2079 679 2161 αἰσθήσεως
700 2079 784 2170 πρός
806 2078 936 2163 όίλληλα
959 2079 1174 2174 συμφωνήσῃ,
1197 2078 1270 2148 τότε
1293 2076 1354 2160 τήν

300 2190 416 2272 νόησιν
438 2195 665 2284 ὲκφωνιῖσθαι
687 2192 944 2274 ἁιιοκνηθεῖσαν
967 2187 1030 2259 ὑπό
1055 2196 1113 2258 τοῦ
1136 2196 1203 2258 νοῦ.
1250 2191 1267 2258 ὁ
1292 2187 1356 2280 γάρ
1381 2195 1400 2260 3

299 2306 377 2380 νοῦς
398 2300 465 2370 κύει
487 2301 598 2372 πόντοι
622 2299 663 2370 τοί
685 2303 855 2391 νοήματα,
878 2303 1001 2390 ἀγαθοὶ
1023 2310 1092 2390 μέν,
1116 2303 1197 2372 ὅταν
1218 2297 1282 2370 ὑπό
1299 2305 1358 2368 τοῦ

251 2433 283 2481 15
301 2417 387 2480 θεοῦ
408 2411 451 2480 τοὶ
473 2421 645 2504 σπέρματα
669 2414 763 2500 λάβῃ,
786 2423 920 2483 ἐναντία
945 2419 988 2494 δέ,
1012 2412 1095 2480 ὅταν
1110 2413 1173 2480 ίιιιό
1190 2439 1277 2491 τινος
1291 2418 1356 2480 τῶν

300 2527 495 2610 δαιμονίων·
520 2524 661 2610 μηδενός
682 2532 803 2616 μέρους
818 2531 878 2594 τοῦ
899 2524 1026 2610 κόσμον
1048 2530 1143 2592 κενοῦ
1166 2521 1262 2602 ὄντος
1285 2528 1357 2590 δαί-

373 2769 396 2820 1.
417 2766 582 2836 κα1]ἢΑΒ.
627 2771 653 2820 5.
673 2768 784 2821 δύναται
802 2770 883 2821 Turn.
905 2765 917 2837 ll
956 2771 1087 2836 αίσθῇναι
1105 2772 1136 2820 Α.
1177 2769 1201 2822 (l.
1221 2783 1276 2837 post
1293 2768 1357 2835 νοή-

372 2873 438 2912 σεως
455 2873 540 2918 mnrgo
559 2854 580 2903 B
601 2855 657 2904 add.
680 2854 824 2922 γράφεται·
850 2853 964 2905 δυνατόν
988 2857 1014 2906 δὲ
1038 2857 1082 2906 καὶ
1103 2855 1182 2922 χωρίς
1204 2853 1358 2920 αἰσθήσεως

371 2946 447 2990 νοεῖν.
505 2937 531 2988 8.
549 2938 581 2992 τὸ
600 2959 650 2988 orn.
670 2937 735 2988 Patr.
798 2938 822 2990 9.
844 2939 884 2988 10.
904 2937 951 3001 τὴν
969 2931 993 2988 δ’
1012 2941 1182 3002 α’ίσθησιν-
1194 2937 1356 3008 ίγείρεσθαι]

372 3024 407 3076 sic
424 3025 499 3084 Patr„
517 3021 669 3093 ἐγρηγορόσι
686 3022 737 3093 γοὶρ
757 3025 886 3090 αἴσθησις
905 3016 1060 3088 (αἰσθήσει)
1078 3020 1158 3072 ceteri.
1213 3023 1254 3074 ltt.
1275 3021 1289 3075 ὃ
1308 3019 1357 3074 οἷν-

372 3108 494 3180 θρωτιος]
514 3109 549 3160 sic
567 3109 641 3171 Patr,
660 3128 711 3160 orn.
730 3107 812 3160 ceteri.
853 3108 894 3161 13.
914 3109 1092 3178 ἐκφαίνεσθαι
1111 3107 1182 3159 Tiro.
1226 3109 1268 3160 15.
1287 3130 1357 3171 τινος

372 3194 433 3261 τῶν]
452 3216 529 3248 τινων
549 3195 569 3244 Α
589 3193 653 3245 Patr.
1277 3201 1282 3212 “

301 3404 386 3460 lectur
407 3406 466 3462 oinc
488 3403 685 3469 intellectione,
707 3423 795 3479 neqne
815 3402 966 3460 intellectio
990 3400 1022 3456 fit
1044 3400 1131 3478 palam
1150 3405 1209 3460 sino
1228 3406 1355 3460 cretione.

302 3511 398 3547 sensns
422 3511 485 3564 ergo
508 3500 536 3545 et
558 3489 706 3546 intellectio
730 3491 807 3546 ambo
830 3492 859 3546 in
881 3489 1016 3544 hominem
1034 3489 1114 3546 simol
1132 3491 1259 3559 inlluunt,
1283 3491 1358 3548 velut

301 3578 372 3632 inter
389 3598 419 3632 sc
437 3597 565 3632 connexa.
601 3597 688 3652 neqne
711 3578 782 3632 enim
805 3577 864 3630 nine
887 3595 970 3630 sensu
992 3574 1125 3650 possibile
1149 3587 1191 3630 cot
1208 3576 1358 3651 intelligere

301 3682 387 3735 neque
405 3664 505 3716 sentire
523 3664 582 3716 sine
600 3661 791 3716 intellectione.
828 3661 961 3736 possibile
980 3671 1068 3716 tomcn
1087 3671 1129 3715 cst
1146 3660 1356 3716 intellectionern

302 3749 360 3802 sine
385 3766 467 3800 sensu
489 3745 653 3819 intelligere,
678 3746 901 3821 quemadmodum
925 3749 957 3814 ii,
981 3751 1028 3822 qul
1050 3767 1100 3824 per
1123 3750 1224 3804 somnio
1248 3747 1357 3824 phanto-

302 3841 386 3888 smnto
409 3830 514 3896 vidont;
541 3830 607 3884 milri
630 3841 719 3886 entem
740 3831 866 3888 videntur
888 3833 980 3888 ambae
1003 3836 1123 3890 actiones
1141 3834 1225 3890 lectae
1246 3855 1307 3892 esso
1329 3837 1357 3890 in
1442 3861 1446 3870 ·

301 3921 466 3974 somnior-uin
483 3919 598 3983 visione,
616 3936 725 3972 sensum
742 3937 806 3973 vero
824 3939 857 3974 ex
875 3937 970 3974 sonmo
989 3921 1017 3974 in
1034 3919 1149 3992 vigiliam
1169 3923 1287 3978 excitari.
1319 3921 1357 3976 di·

301 4005 403 4060 viditur
420 4013 508 4059 antem
525 4003 606 4058 homo
624 4005 653 4058 in
672 4023 771 4080 corpus
789 4013 817 4058 ct
834 4006 960 4069 enimam
984 4015 1011 4058 et
1034 4005 1140 4086 qoenrlo
1164 4017 1276 4082 utreque
1294 4027 1357 4084 pars

302 4110 398 4146 senens
417 4090 448 4144 ed
469 4092 585 4146 invicem
603 4089 797 4156 consonabunt,
816 4100 880 4148 tunc
892 4090 1102 4146 intellectionern
1114 4096 1287 4166 pronunciari
1299 4115 1358 4170 pnr-

302 4179 409 4230 tnritam
428 4177 461 4230 ab
479 4176 626 4232 intellectu.
663 4177 817 4233 intellectus
830 4180 900 4234 enirn
913 4197 1005 4234 omnes
1018 4177 1216 4236 intellectionco
1230 4183 1356 4256 concipit,

302 4260 386 4316 bonas
398 4261 513 4335 quidem,
524 4263 630 4337 quando
643 4285 657 4319 a
670 4264 721 4320 deo
733 4266 835 4322 semino
847 4266 989 4342 acceperit,
1003 4267 1151 4322 contraries
1164 4287 1238 4334 vero,
1251 4267 1357 4341 qnando

302 4345 522 4414 adremonlbus3
545 4349 617 4405 nullo
637 4371 749 4426 nomque
770 4351 863 4406 mundi
886 4372 950 4428 pars
970 4351 1107 4408 daernonis
1127 4372 1208 4408 vacuo
1227 4363 1277 4419 est,
1297 4353 1357 4408 dae·

302 4434 389 4487 neonis
407 4434 514 4507 inquam
532 4455 546 4489 o
565 4434 616 4490 deo
634 4438 777 4511 segregati3
802 4439 847 4510 qni
871 4437 1026 4496 subintrans
1049 4439 1191 4496 seminavit
1213 4457 1277 4494 nuce
1295 4457 1355 4512 pro·

276 4592 302 4638 ’9
