3517 5434
351 691 379 742 A
400 686 477 744 ι-ι.
864 739 867 744 ,
901 673 923 734 ²

351 841 401 906 ἵνα
426 838 576 926 τῷλόγῳ
599 837 815 924 διαφεύγωμεν
846 840 889 902 ῶν
918 839 962 908 είς
986 838 1143 922 ἀλλήλους
1164 839 1408 924 πλημμελοῦμεν
1433 843 1470 908 τὰ

352 938 540 1022 ἐγκλήματα,
560 938 713 1021 προσῆκεν
734 937 777 1006 είς
798 937 871 1000 θεὸν
896 937 1029 1020 ἀσεβεῖν,
1047 935 1275 1019 πλαττομένους
1292 937 1358 1002 κατ’
1374 939 1469 1006 αὐτοῦ

351 1034 389 1098 τά
407 1037 529 1098 πάντων
551 1035 788 1120 ύβριστικῶτερα
819 1033 870 1097 καλ
895 1033 1046 1118 μηδαμῶς
1072 1031 1155 1096 όντα.
1200 1036 1278 1117 πρὸς
1296 1036 1331 1100 δέ
1353 1037 1471 1108 τούτοις

353 1133 460 1215 ἰάσιμα
483 1131 521 1194 τά
543 1130 627 1215 παρὰ
650 1130 826 1215 ἀνθρώποις
846 1131 1053 1216 ἁμαρτήματα
1076 1129 1250 1213 νομίζοντες
1273 1131 1342 1213 (άτε
1366 1135 1402 1218 δὴ
1427 1137 1468 1220 μὴ

317 1233 397 1298 όὼς
420 1229 481 1292 ἀπὸ
503 1229 583 1296 τινδς
604 1228 703 1312 ἀρχῆς
714 1227 788 1291 καθ’
805 1229 894 1311 ήμῶν
912 1225 1032 1311 ῥέοντα,
1046 1225 1118 1290 ἀλλ’
1134 1225 1239 1312 ἕτερόν
1263 1251 1329 1292 τινα
1357 1231 1469 1314 τρόπον

350 1327 427 1409 πρδς
447 1326 535 1408 ήμῶν
559 1325 774 1409 πραττόμενα,
805 1324 838 1388 δν
862 1325 880 1387 ό
905 1321 997 1406 λόγος
1022 1329 1131 1410 σαφῶς
1153 1325 1231 1388 κατά
1249 1329 1353 1410 καιρὸν
1376 1329 1468 1413 ἑρμη·

351 1424 478 1504 νεύσει),
500 1421 536 1484 ού
562 1422 655 1505 μόνον
683 1423 726 1491 εἰς
751 1423 824 1488 θεὸν
857 1421 914 1486 οῦκ
937 1422 1128 1506 ἀσεβυῦμεν,
1161 1422 1202 1506 μὴ
1225 1424 1468 1505 τολμῶντεςαῦ-

350 1524 405 1584 τοῦ
427 1519 714 1604 καταστοχάζεσθαι
732 1521 872 1605 χαλεπὴν
902 1517 1072 1601 ἀδυναμίαν
1099 1522 1153 1580 τοῦ
1175 1517 1359 1582 ἀνθεστάναι
1377 1523 1469 1608 κακίφ

282 1673 284 1676 .
351 1615 392 1701 τῇ
411 1616 452 1700 μὴ
477 1615 567 1699 υύση,
592 1615 672 1678 ἀλλά
694 1618 744 1679 καὶ
768 1615 805 1680 τά
825 1615 1021 1700 πραττόμενα
1041 1615 1118 1699 πρὸς
1138 1616 1226 1698 ήμῶν
1240 1607 1348 1684 κακίας
1364 1616 1467 1704 τρόπῳ

300 1721 335 1774 1⁰
350 1715 458 1781 παύειν
480 1713 696 1799 ἐπιχειροῦμεν
720 1720 764 1800 τῷ
785 1735 821 1796 γε
838 1716 947 1796 σαφῶς
959 1715 1024 1780 τοῖς
1034 1710 1239 1796 προσέχουσιν
1253 1711 1468 1780 ἀποδεικνύναι

350 1815 394 1879 ῶς
414 1810 452 1874 τά
479 1811 556 1894 πρὸς
577 1811 666 1893 ήμῶν
690 1810 796 1895 [κατ’]
822 1810 972 1894 ἀλήθειαν
996 1807 1108 1893 ἔχοντα
1125 1809 1329 1891 τοῦγίνεσθαι
1348 1813 1401 1895 τήν
1416 1813 1466 1897 ἀρ-

348 1909 408 1994 χὴν
437 1907 477 1970 δι’
498 1909 588 1990 ἡμῶν
618 1906 654 1971 ἀν
675 1911 727 1972 καὶ
747 1907 837 1976 τέλος
857 1912 912 1970 τοῦ
938 1907 978 1990 μὴ
1002 1906 1158 1989 γίγνεσθαι
1180 1908 1282 1992 λάβοι,
1304 1909 1332 1972 εί
1352 1911 1402 1973 καὶ
1425 1911 1466 1994 μὴ

348 2006 434 2091 παρά
455 2005 556 2068 πᾶσιν.
600 2005 637 2069 οδ
660 2005 718 2090 γάρ
742 2005 793 2090 ἐφ’
815 2005 935 2090 ἐκάστιρ
957 2006 993 2070 τδ
1015 2003 1086 2068 καθ’
1111 2003 1208 2082 ὅλου,
1232 2006 1314 2068 ἀλλά
1335 2029 1370 2088 γε
1389 1999 1465 2090 παρ’

349 2104 469 2190 ἑκάστῳ
497 2109 558 2166 τῶν
591 2100 852 2166 ἐσπουδακότων·
895 2102 1006 2186 δεῖγμα
1025 2100 1128 2185 μέντοι
1156 2106 1210 2165 τοῦ
1237 2103 1309 2166 καθ’
1335 2103 1410 2166 ύλου
1432 2107 1467 2170 τὸ
1584 2159 1587 2162 .

300 2210 332 2262 15
351 2202 402 2286 ἐφ’
434 2200 564 2264 ἑκάστου
599 2198 814 2284 ἐνδεχόμενον.
855 2197 887 2271 2,
925 2199 941 2262 ό
973 2197 1075 2283 μέντοι
1104 2200 1290 2284 βαρβαρικὴν
1322 2201 1466 2286 ἀσέβειαν

350 2299 531 2382 ἐπινοήσας,
570 2297 704 2381 ἄναρχον
728 2297 835 2360 κακίαν
868 2295 947 2360 κατὰ
977 2301 1031 2360 τοῦ
1061 2296 1138 2360 θεοῦ
1176 2295 1302 2379 ἀληθῶς
1328 2299 1466 2384 ἀνάρχου

348 2397 399 2460 καὶ
423 2393 520 2478 μόνου
541 2396 740 2478 πλασάμενος
761 2395 812 2458 καὶ
833 2393 978 2478 δευτέραν
999 2394 1097 2479 ἀρχὴν
1119 2393 1230 2477 ταύτην
1252 2399 1386 2478 μανικῶς
1406 2397 1466 2479 όρι-

349 2493 482 2575 σάμενος
503 2491 539 2554 ού
565 2491 659 2575 μόνον
685 2491 716 2554 ἐν
734 2489 784 2576 ἴση
802 2491 886 2561 τάξει
900 2490 1002 2574 τίθησι
1012 2490 1119 2554 κακίαν
1133 2490 1199 2577 θειγῖ
1218 2493 1322 2577 ὥσπερ
1339 2496 1469 2577 τιμήσας

347 2588 459 2672 ταύτην
480 2591 496 2652 ό
521 2590 614 2672 δῆθεν
642 2593 740 2672 μισεῖν
763 2589 983 2674 προελόμενος,
1004 2587 1084 2652 ἀλλά
1105 2590 1155 2652 καὶ
1177 2589 1286 2652 ἀνίατα
1311 2590 1407 2674 πάντη
1429 2589 1467 2654 τά

297 2694 333 2748 90
350 2687 385 2750 ἐκ
412 2691 466 2770 τής
492 2687 630 2771 ἀνάρχου
659 2683 768 2768 ρέοντα
795 2687 875 2750 κακὰ
904 2687 1072 2768 ἐπάναγκες
1097 2687 1240 2770 φάσκων,
1274 2685 1466 2771 ἀδιόρθωτον

348 2783 434 2869 παρά
454 2783 631 2868 ἀνθρώποις
655 2782 708 2865 τὴν
721 2784 851 2862 ,ἀδικίαν
875 2784 1049 2871 ἐπιβούλως
1068 2783 1190 2848 οἴεσθαι
1208 2789 1295 2848 ποιεῖ
1312 2783 1384 2854 τοῦς
1403 2807 1466 2848 πει-

349 2881 503 2966 θομένους
523 2879 620 2965 αύτφ,
649 2880 729 2942 ῶστε
753 2883 908 2968 προλήψει
936 2886 989 2966 τῆς
1013 2886 1072 2944 τῶν
1099 2881 1326 2965 ἁμαρτημάτων
1351 2881 1467 2965 ήδονῆς

346 2979 581 3066 προβάλλεσθαι
604 2977 669 3040 ἀντὶ
687 2979 740 3059 τῆς
760 2977 948 3064 ἐπιστροφῆς
969 2979 1022 3061 τὴν
1036 2977 1240 3062 ἀπαγόρευσιν
1262 2981 1303 3047 ῶς
1314 2978 1465 3042 ἀδύνατον

291 3119 294 3122 -
349 3077 487 3160 ἀνάρχου
509 3075 617 3144 κακίας
646 3073 783 3159 ἐπισχεῖν
812 3075 865 3157 τήν
891 3077 1008 3161 φοράν,
1039 3077 1118 3158 πλὴν
1140 3076 1168 3140 εί
1191 3075 1231 3159 μή
1254 3097 1298 3144 τις
1321 3075 1467 3161 ἐπιθυμίη

297 3180 332 3236 25
350 3173 441 3257 δόξης
462 3176 531 3254 (τοῦ
562 3173 662 3236 δοκεῖν
683 3172 717 3234 τὸ
737 3171 832 3234 πλέον
854 3173 889 3236 ἐκ
913 3177 968 3236 τοῦ
989 3173 1109 3255 ἀγαθοῦ
1130 3170 1230 3260 ἔχειν,
1254 3176 1296 3242 ῶς
1314 3173 1351 3257 δὴ
1371 3175 1466 3258 μυθο-

347 3274 489 3354 λογοῦσι)
512 3270 689 3338 σπουδάσας
716 3269 771 3352 μὲν
794 3269 1020 3353 κατορθώσειεν
1044 3273 1086 3339 ῶς
1110 3269 1175 3332 οἶόν
1197 3293 1230 3332 τε
1251 3269 1284 3332 τό
1306 3271 1347 3353 μὴ
1369 3272 1465 3355 ἁμαρ-

347 3370 458 3460 τάνειη,
483 3371 525 3436 ὥς
546 3364 676 3429 αὐτόθεν
698 3370 825 3450 ποιήσαι
845 3369 939 3450 δῆλον
964 3370 1007 3434 ῶς
1024 3365 1084 3450 οὐχ
1104 3367 1268 3450 ἑτέρωθεν,
1290 3366 1371 3428 ἀλλὰ
1389 3366 1466 3452 παρ’

249 3511 252 3516 -
348 3464 443 3527 αὑτοῦ
465 3462 669 3546 ἐπλημμέλει,
691 3463 777 3546 ύμως
800 3461 828 3526 δ’
848 3461 1045 3545 ἀπενέγκυιτό
1067 3483 1133 3524 τινα
1155 3459 1245 3532 δόξαν
1271 3463 1346 3546 παρ’
1363 3463 1467 3532 αὐτοῖς

349 3564 392 3629 ῶς
418 3562 472 3646 τὴν
500 3564 606 3644 κρᾶσιν
627 3557 675 3642 εἴη
697 3560 825 3645 βελτίων
845 3563 900 3642 τῆς
921 3559 1062 3644 φύσεως,
1086 3560 1102 3622 ό
1127 3558 1167 3642 μὴ
1192 3558 1300 3644 φύσει,
1323 3559 1409 3644 πόνιμ
1431 3560 1465 3623 δὲ

297 3665 332 3719 30
348 3660 400 3722 καὶ
419 3660 523 3743 ἱδρῶτι
544 3659 717 3742 χρώμενος,
738 3656 772 3724 ὃς
794 3656 832 3739 δή
853 3657 905 3720 καὶ
926 3657 1118 3720 ἐπαινεῖσθαι
1142 3653 1239 3719 οἴοιτ’,
1256 3655 1291 3720 ἀν
1315 3662 1369 3722 τοῦ
1393 3659 1465 3743 ἀλη-

348 3756 423 3824 θοῦς
452 3755 578 3818 ἐπαίνου
609 3753 820 3838 στερούμενος.
867 3755 921 3836 τὴν
950 3752 1007 3838 γὰρ
1035 3753 1176 3825 εὐδοξίαν
1204 3758 1259 3818 τοῦ
1288 3755 1385 3820 πόνου
1413 3761 1467 3841 τῆς

346 3852 458 3937 ἀρετῆς
478 3849 569 3934 (εἴγε
584 3855 637 3935 τῆς
659 3850 819 3934 εὐσεβείας
841 3855 894 3934 τής
917 3851 994 3935 πρὸς
1007 3851 1079 3916 θεὸν
1093 3851 1229 3938 [ἕνεκεν]
1240 3852 1365 3938 ἠνύετο)
1377 3875 1466 3918 κατα-

346 3951 507 4034 λιμπάνων
533 3947 679 4033 ἅρπαγμα
701 3950 825 4034 ψευδῶς
851 3949 885 4011 τό
919 3947 1085 4032 ἀναγκαῖον
1115 3953 1168 4033 τής
1192 3949 1317 4034 φύσεως
1336 3951 1465 4034 ήγεῖται,

346 4050 380 4112 τδ
402 4048 555 4132 χρήσιμον
577 4050 630 4130 τῆς
652 4045 834 4131 φιλοπονίας
853 4039 931 4131 πρός
955 4045 1100 4132 ἀσέβειαν
1121 4045 1200 4110 κατὰ
1221 4046 1298 4110 θεοῦ
1321 4046 1465 4134 μετερχό-

296 4145 331 4200 35
349 4167 451 4231 μενος,
471 4147 515 4213 ῶς
540 4144 616 4227 μήτε
638 4144 689 4208 τδν
710 4143 852 4228 βφστόινη
875 4145 1096 4228 προσκείμενον
1119 4143 1308 4228 πλήττεσθαι
1330 4147 1380 4210 τόν
1393 4150 1465 4208 νοῦν

346 4245 615 4327 κακοπραγοῦντα,
640 4240 672 4303 εί
689 4264 725 4324 γε
747 4239 829 4324 άλλη
854 4245 894 4325 τῇ
914 4239 999 4328 ἀρχή
1021 4240 1171 4323 λογίζοιτο
1201 4241 1239 4305 τὰ
1260 4241 1465 4328 πραττόμενα,

347 4343 424 4425 μήτε
443 4340 494 4404 τδν
519 4340 642 4424 σπουδή
663 4340 825 4424 χριόμενον
849 4336 934 4408 ἀξιον
957 4339 1035 4404 εἶναι
1048 4338 1275 4424 θαυμάζεσθαι,
1298 4339 1396 4404 καίτοι
1415 4342 1463 4404 λο-

345 4441 447 4523 γισμῷ
469 4441 633 4502 πονοῦντα.
691 4434 723 4508 3,
762 4438 840 4522 πρδς
859 4437 894 4502 τδ
916 4441 977 4502 τῶν
999 4438 1120 4502 πάντων
1139 4440 1360 4525 χαλεπώτατον
1389 4439 1465 4520 πρὸς

346 4533 491 4622 ἀσέβειαν
520 4533 599 4598 κατὰ
627 4534 704 4598 θεοῦ
732 4536 1021 4619 παιδαγωγηθήναι.
1062 4537 1103 4620 μὴ
1129 4535 1278 4612 συνιέντες
1298 4535 1333 4598 δὲ
1359 4534 1389 4598 οἱ
1409 4533 1462 4598 ἀπ’
