3517 5434
370 705 423 747 m!
770 688 892 740 Praefatio
910 687 1025 754 Vergicii.

371 847 516 933 πατρίδα
541 828 794 931 Ισυγγροίμματα
830 840 960 928 γράφοι
990 843 1049 920 τῆς
1077 841 1151 904 κατ’
1178 847 1281 907 έκεῖνο
1313 846 1429 926 καιροῦ

374 957 533 1041 μυστικῆς
548 936 757 1042 φιλοσοφίας·
767 975 801 1016 τε
816 954 873 1016 καὶ
888 953 1070 1035 θεολογίας
1091 947 1213 1016 πολλά·
1238 942 1284 1018 ὧν
1300 950 1341 1016 τὰ
1357 953 1431 1018 κατ’

375 1066 491 1152 ἐξοχὴν
514 1059 573 1128 δόο
597 1065 681 1127 έστί·
703 1057 742 1127 τό
765 1065 825 1146 μὲν
838 1056 1030 1142 Ἀσκληπιός
1052 1065 1211 1140 κέκληται,
1235 1057 1273 1126 τό
1291 1063 1325 1128 δὲ
1342 1066 1427 1128 Ποι-

375 1173 538 1261 μιίνδρης,
567 1174 622 1239 καὶ
645 1173 714 1240 έστι
735 1169 773 1239 τό
795 1169 914 1259 παρόν.
961 1167 980 1240 δ
1003 1168 1109 1238 πάλαι
1130 1174 1190 1255 μέν
1212 1177 1256 1248 είς
1277 1167 1339 1252 τὴν
1362 1175 1428 1239 τῶν

375 1269 535 1354 Λατίνων
549 1285 699 1368 γλῶτταν
713 1285 999 1370 μεθερμηνευθὲν,
1022 1281 1062 1349 οίι
1075 1281 1156 1367 μόλ’
1168 1281 1429 1368 έξηκριβωμένως

377 1401 420 1476 δέ,
443 1401 477 1462 έν
500 1402 573 1471 ταῖς
596 1394 749 1471 Ἐνετίαις
769 1393 853 1481 παρ’
871 1388 973 1479 Ἅλδῳ
996 1397 1041 1478 τῷ
1067 1390 1211 1476 Ῥωμαίῳ
1233 1389 1428 1460 τετόπωται·

378 1506 441 1596 ὀψὲ
464 1506 500 1570 δέ
527 1527 607 1569 ποτε
635 1507 692 1571 καὶ
720 1510 756 1571 έν
782 1505 974 1592 Φλωρεντίαν
1004 1510 1048 1582 είς
1069 1499 1130 1584 τὴν
1160 1501 1331 1591 έπιχόριον
1359 1501 1431 1570 διά-

376 1621 492 1683 λεκτον
512 1610 613 1681 πόλιν
634 1621 669 1680 έκ
690 1613 809 1681 τούτου
829 1617 1073 1704 μεταφρασθὲν
1088 1615 1144 1680 καὶ
1159 1617 1348 1682 έκτυπωθὲν
1365 1613 1431 1694 ἑξε-

378 1725 480 1807 δόθη.
518 1734 592 1815 περὶ
614 1727 649 1792 δὲ
670 1727 731 1792 τοῦ
751 1727 945 1792 τυποῦσθαι
967 1728 1064 1792 τοῦτο
1088 1730 1132 1800 είς
1147 1719 1207 1803 τὴν
1222 1721 1346 1790 έλλάδα
1361 1711 1430 1815 φω-

376 1834 447 1918 νήν,
470 1837 504 1917 ἐξ
525 1825 566 1917 ἧς
587 1831 673 1902 αότά
700 1831 937 1927 μετεφρόσθη,
961 1833 1020 1901 οὐκ
1042 1831 1105 1902 οἷδ’
1125 1829 1227 1912 ὅπως,
1249 1827 1272 1914 ἢ
1294 1832 1432 1918 ἀμελείᾳ

377 1950 443 2014 τῶν
470 1943 695 2038 τυπογροίφων
714 1941 737 2026 ἢ
759 1950 816 2013 καὶ
844 1945 1017 2033 ὀλιγωρία,
1046 1943 1118 2028 οὐδ’
1144 1939 1228 2021 ὅλως
1255 1947 1353 2030 μνεία
1374 1968 1431 2010 πε-

376 2060 527 2139 ποίηται·
558 2053 644 2122 ὅθεν
664 2055 760 2140 ἡμεῖς
782 2055 841 2123 οὐκ
863 2051 1000 2140 εόλογον
1023 2050 1227 2120 εἶναιτοῦτο
1250 2052 1433 2143 διασκεφά·

378 2191 480 2252 μενοι,
502 2168 734 2249 ἐπιμελεῖσθαι
754 2169 815 2248 μὲν
835 2167 965 2247 μᾶλλον
986 2165 1052 2228 τῶν
1074 2161 1108 2240 ἐξ
1130 2161 1233 2241 αὐτῆς
1256 2167 1434 2248 έκβληθένι

379 2299 446 2342 των
467 2278 528 2354 τῆς
549 2273 581 2338 δ’
601 2271 866 2359 ἀρχετυπωτέρας
889 2270 1118 2362 ἀφροντίστως
1137 2271 1172 2354 γ’
1191 2275 1286 2357 έχειν,
1316 2271 1433 2357 ᾠήθη-

380 2408 441 2468 μεν
469 2385 538 2451 δεῖν
566 2379 664 2448 τοῦτό
686 2386 805 2466 γενῦν
833 2384 889 2448 καὶ
915 2384 1079 2464 ἑλληνιστὶ
1105 2386 1271 2453 τνπωτέον
1292 2384 1324 2450 τ’
1343 2382 1434 2462 εἶναι,

380 2499 437 2561 καὶ
459 2498 515 2560 σοί
536 2518 572 2579 γε
586 2497 854 2585 προσφωνητέον,
875 2496 922 2578 τῷ
937 2487 1063 2573 πολλὴν
1083 2496 1136 2560 έπὶ
1151 2505 1224 2571 ταῖς
1236 2498 1435 2582 ίερολογίαις

381 2609 567 2690 ποιουμένῳ
590 2600 738 2685 σπουδὴν
765 2605 926 2682 παλαιαῖς
947 2629 982 2670 τε
1004 2607 1061 2672 καὶ
1082 2607 1185 2684 νέαις,
1217 2608 1273 2670 ἵνα
1300 2609 1435 2693 προσέτι

381 2719 438 2782 καὶ
457 2717 523 2782 τῶν
546 2713 768 2801 ἀρχαιοτέρων
781 2711 828 2799 μή
843 2712 991 2801 ἀμύητος
1004 2706 1053 2796 ἦς,
1075 2711 1163 2792 ὅπως
1177 2715 1236 2794 τῆς
1250 2716 1316 2780 τῶν
1330 2717 1434 2782 θείων

382 2823 470 2912 εἶχον
497 2823 651 2906 είδήσεος.
702 2829 829 2892 έοίκασι
855 2822 920 2913 γάρ
949 2835 1023 2903 ταῖς
1051 2827 1136 2894 καθ’
1161 2825 1250 2912 ἡμᾶς
1278 2831 1313 2890 έν
1335 2827 1435 2902 ένίοις

382 2934 543 3021 συνᾴδειν,
566 2935 609 3014 ὡς
630 2939 719 3003 έστιν
740 2944 775 3003 έν
796 2940 845 3022 τῷ
864 2933 1007 3024 παρόντι
1022 2939 1149 3004 εἰδέναι.
1187 2933 1356 3025 πρόκειται
1369 2931 1434 3024 γάρ

381 3053 427 3133 τῷ
453 3045 562 3140 Ἑρμῇ,
584 3044 804 3134 διαλεγομένῳ
826 3051 979 3116 ἐνταῦθα
1000 3043 1084 3134 πρὸς
1102 3044 1298 3130 Ἀσκληπιόν
1320 3071 1354 3114 τε
1377 3042 1436 3112 τόν

381 3154 544 3244 μαθητὴν
570 3163 627 3227 καὶ
655 3154 726 3225 Τάτ
754 3153 813 3225 τόν
839 3155 914 3228 νίόν
943 3157 1060 3237 αὐτοῦ,
1090 3165 1192 3225 εἰπεῖν
1218 3162 1293 3243 περί
1314 3181 1349 3223 τε
1371 3159 1436 3223 τάν

276 3322 279 3326 .
382 3273 487 3335 θείων
508 3272 565 3335 καὶ
587 3267 785 3354 ἀπορρήτων
806 3267 1026 3352 πραγμάτων,
1056 3264 1138 3332 ὥστε
1161 3262 1222 3332 σὺν
1243 3263 1333 3354 πόση
1354 3289 1436 3352 προ-
1464 3331 1466 3334 .

384 3381 466 3467 σοχῇ
486 3379 543 3440 καὶ
565 3374 742 3466 ἀκραιφνεῖ
770 3377 904 3461 διανοίη
932 3372 1152 3469 διδάσκεσθαι
1174 3369 1293 3450 αὐτοὺς
1313 3379 1435 3442 ταῦτα·

385 3483 436 3552 διδ
459 3488 516 3551 καὶ
538 3482 669 3562 εἰκότως
697 3480 791 3570 οἶμαι
812 3481 871 3550 τόν
893 3482 1115 3573 Ποιμάνδρην
1141 3486 1379 3571 προταχθηναι
1401 3493 1436 3552 έν

384 3600 431 3680 τῷ
459 3592 604 3679 διαλόγῳ
625 3591 744 3680 τούτῳ,
771 3600 921 3662 τουτέστι
941 3588 1001 3661 τόν
1029 3598 1127 3664 θεῖον
1155 3598 1212 3664 καὶ
1240 3593 1436 3682 ἡγεμονικόν

385 3710 465 3772 νοῦν
486 3709 545 3786 τῆς
566 3708 691 3794 ψυχῆς,
718 3703 778 3772 τόν
799 3714 869 3783 τοῖς
890 3709 1009 3774 ἑαυτοῦ
1036 3703 1194 3792 κινήμασι
1214 3710 1436 3792 ποιμαίνοντα

344 3890 354 3895 ,
385 3816 443 3882 καὶ
463 3817 661 3904 θεωροῦντα
681 3810 725 3881 τά
746 3811 836 3895 ὅντα,
858 3812 900 3884 δν
920 3819 976 3885 καὶ
995 3817 1220 3907 Ἀριστοτέλης
1234 3816 1359 3898 ἀπαθῆ
1379 3821 1437 3888 καὶ

386 3922 496 3990 ἀίδιον
517 3923 706 4015 ἀποφαίνει,
728 3927 784 4018 ἐφ’
802 3918 1085 4014 ᾧτεκμαίρεσθαι
1099 3931 1207 4007 τοῦτο,
1229 3925 1282 3994 ότι
1302 3923 1379 4002 τοάς
1393 3921 1437 3992 τά

383 4038 594 4120 θεογνωσίας
606 4039 828 4123 βουλομένους
842 4035 1084 4124 ἀκροοίσασθαι
1104 4041 1161 4106 καὶ
1182 4040 1310 4122 μαθεῖν
1331 4033 1435 4121 λόγια,

385 4149 523 4213 δεῖσθαί
544 4171 633 4226 τινος
653 4153 785 4234 πρῶτον
807 4151 908 4225 θείας
929 4145 1131 4238 έλλάμψεως,
1153 4144 1362 4230 ποδηγούσης
1377 4147 1436 4214 αὐ-

385 4253 462 4334 τοὺς
483 4264 529 4333 είς
550 4253 611 4339 τὴν
633 4257 754 4344 ἀκριβῆ
782 4261 912 4324 ἐκείνων
933 4256 1138 4350 κατείληφεν·
1169 4255 1249 4346 ὅπερ
1270 4257 1336 4344 οὐχ
1364 4254 1436 4328 οἷόν

385 4391 420 4435 τε
440 4363 548 4446 ἀλλως
570 4371 746 4453 γενέσθαι,
766 4372 846 4456 πρὶν
867 4365 889 4450 ἢ
912 4367 1114 4438 ἀποθέσθαι
1142 4373 1255 4438 πᾶσαν
1282 4367 1437 4455 βιωτικην
