3517 5434
830 671 895 751 ,35
1279 684 1435 742 τιτι-ιτ.
1461 649 1494 686 ’“

322 837 402 900 ὥστε
434 835 511 899 κατὰ
540 839 631 900 τοῦτο
657 839 722 904 τοῖς
751 835 858 921 όρθοῖς
886 838 1043 919 λογισμοῖς
1071 837 1086 898 6
1109 836 1271 920 χρώμενος
1293 837 1379 922 εύροι
1401 836 1437 900 ἀν

320 932 415 998 πλέον
450 931 561 1018 ἔχοντα
590 936 646 996 τοῦ
674 933 824 997 πλουσίου
853 935 904 996 τὸν
936 932 1063 1016 πένητα.
1127 930 1171 1005 17.
1207 932 1297 1002 νόσος
1325 934 1359 996 δὲ
1387 935 1438 996 καὶ

323 1031 410 1114 ὑγεία
430 1030 656 1114 παραπλησίως
676 1030 842 1114 ἀναγκαῖα·
870 1031 891 1115 ἥ
911 1053 944 1092 τε
964 1029 1021 1113 γὰρ
1044 1030 1129 1112 ὑγεία
1148 1032 1224 1114 πρός
1242 1030 1361 1093 ἀδικίαν
1383 1034 1436 1094 τοῦ

322 1126 414 1214 έργου
442 1132 496 1212 τῆς
520 1129 632 1214 ἀρετῆς
656 1129 677 1213 ἧ
704 1151 738 1191 τε
763 1127 854 1197 νόσος
875 1126 954 1191 ἔστιν
979 1126 1030 1191 ὅτε
1051 1129 1128 1212 πρὸς
1148 1128 1322 1210 ἀνατροπὴν
1343 1128 1438 1212 ἁμαρ·

319 1226 394 1294 τίας.
420 1226 579 1313 βοηθεῖται
592 1225 650 1310 γάρ
664 1227 811 1295 πολλάκις
825 1228 841 1290 6
856 1227 1003 1310 λογισμός
1017 1228 1080 1294 τοῖς
1094 1223 1208 1295 ἔξωθεν
1222 1223 1437 1307 κ[ωλ]ύμασιν,
1454 1243 1472 1298 5

321 1323 425 1392 ἄλλως
443 1345 477 1386 τε
498 1327 558 1386 τῖον
571 1324 832 1409 ,ἀρρωστημάτων
850 1325 871 1408 ἡ
891 1327 983 1408 πεῖρα
1002 1327 1056 1406 τῆς
1074 1327 1128 1386 τοῦ
1154 1323 1294 1405 ὑγιαίνειν
1318 1322 1437 1407 εὐεργε-

322 1421 390 1489 σίας
411 1421 633 1505 ἀναμιμνήσκει
655 1424 733 1506 πρὸς
756 1421 931 1507 εὐλάβειαν.
975 1420 1012 1505 ἧν
1038 1419 1063 1483 δ’
1090 1418 1125 1484 ἀν
1150 1420 1200 1482 καὶ
1222 1419 1288 1482 λίαν
1313 1418 1438 1483 εύκατα·

323 1516 493 1602 φρόνητος,
522 1519 551 1580 εί
577 1518 649 1582 καθ’
676 1521 788 1604 ἑαυτὴν
817 1519 889 1583 καθ’
915 1517 992 1582 ύλου
1014 1518 1147 1602 διέμεινε
1169 1522 1213 1602 τιγῖ
1237 1517 1332 1600 μηδὲν
1358 1515 1438 1580 ένδέ·
1565 1519 1572 1534 ’

322 1613 436 1698 χεσθαι
469 1617 706 1699 παρεμποδίζειν
741 1618 846 1702 αὑτήν.
899 1618 926 1680 εί
958 1614 986 1678 δ’
1021 1616 1037 1678 6
1071 1616 1126 1698 μὲν
1159 1614 1293 1697 ἐπιεικὴς
1322 1615 1439 1697 νοσοίη,

323 1711 451 1794 ὑγιαῖνον
463 1713 499 1774 δὲ
512 1713 528 1774 ὁ
543 1712 669 1796 θρασύς,
684 1716 701 1778 6
716 1717 771 1800 μὲν
786 1716 949 1801 κατέχεται
959 1719 1004 1798 τῷ
1015 1713 1211 1796 κ[ωλ]ύματι,
1226 1712 1438 1797 βοηθούμενος
1457 1725 1490 1780 10

321 1810 398 1892 πρὸς
428 1811 462 1874 τό
494 1809 652 1893 ἄμεμπτον
680 1817 734 1896 τῆς
762 1812 875 1875 ἑαυτοῦ
904 1815 1004 1894 ζωῆς,
1037 1813 1053 1873 ό
1088 1811 1122 1872 δὲ
1156 1808 1366 1892 παραδέδοται
1394 1817 1438 1895 τῷ

321 1908 514 1991 πλημμελεῖν
541 1911 585 1976 ιὺς
611 1907 858 1993 ἀπεγνωσμένος.
905 1910 932 1972 εἰ
957 1908 983 1970 δ’
1009 1905 1098 1976 αὖθις
1123 1909 1138 1970 ό
1160 1903 1277 1988 θρασύς
1299 1906 1349 1968 καὶ
1371 1906 1437 1968 λίαν

322 2003 439 2089 ἀσεβὴς
457 2003 568 2090 [νόσιρ]
587 2007 771 2090 περιπίπτοι,
797 2007 813 2070 6
838 2007 873 2070 δὲ
896 2005 1031 2089 ἐπιεικὴς
1052 2005 1191 2087 ὑγιαίνει,
1214 2002 1300 2085 όμὲν
1316 2001 1376 2087 οὐχ
1390 2003 1438 2066 ἵνα

324 2101 471 2186 βοηθηθῇ
484 2105 560 2186 πρὸς
574 2101 715 2187 αἴσθησιν
728 2105 902 2181 κολάζεται,
917 2103 985 2167 ἀλλ’
1000 2101 1048 2164 ἵνα
1060 2099 1254 2186 χρησιμεύση
1266 2106 1330 2170 τοῖς
1343 2103 1439 2185 όρῦισι

321 2199 399 2280 πρὸς
427 2197 615 2284 ὑπόδειγμα,
651 2203 669 2264 6
695 2201 730 2264 δὲ
761 2205 804 2270 ὡς
831 2203 904 2288 δίχα
932 2202 1054 2284 δεσμῶν
1083 2198 1209 2283 ἡμέρως
1237 2197 1437 2283 ἀναστρέφειν
1457 2213 1489 2267 15

321 2294 491 2378 δυνάμενος
517 2296 630 2367 ἀνοσος
653 2297 800 2382 διαμένει.
840 2301 892 2362 καὶ
920 2297 1002 2366 όλως
1027 2297 1157 2381 ἑκάτερα
1182 2301 1342 2382 πανταχοῦ
1366 2296 1437 2380 χρή-

323 2414 397 2474 σιμα
418 2393 469 2455 καῖ
489 2392 598 2464 ἄθλιος
620 2397 637 2459 6
659 2396 713 2479 τὴν
735 2396 881 2480 πρόνοιαν
900 2395 1041 2460 ἐντεῦθεν
1065 2393 1254 2479 ἀρνούμενος
1273 2395 1293 2478 ἢ
1316 2393 1438 2478 διαβάλ-

322 2490 401 2552 λων·
425 2488 580 2577 μόνηγάρ
596 2493 741 2578 ,ὀλέθριος
762 2493 862 2578 ἐκείνη
883 2493 974 2563 νόσος
993 2495 1012 2577 ἡ
1033 2493 1086 2576 την
1108 2491 1244 2554 διάθεσιν
1265 2496 1318 2574 τῆς
1338 2493 1448 2575 ψυχῆς

321 2588 397 2671 πρὸς
428 2587 605 2674 ἀποτροπὴν
635 2590 746 2675 ἀρετῆς
771 2597 920 2656 κακοῦσα.
965 2592 1011 2660 οἷς
1041 2588 1094 2652 ούν
1125 2590 1141 2652 ό
1166 2590 1311 2672 λογισμὸς
1335 2587 1440 2656 ἀθῶος

322 2684 479 2768 διαμένοι,
508 2685 563 2770 εἴτζ
587 2685 640 2751 οὑν
670 2690 777 2773 νοσοίη
807 2688 862 2753 εἴτ’
899 2688 952 2752 οὑν
982 2688 1033 2750 καὶ
1053 2685 1180 2769 ὑγιαίνει
1201 2687 1235 2748 τό
1258 2689 1364 2768 σῶμα,
1394 2685 1490 2757 αί-υο

323 2781 490 2864 σθήσονται
511 2785 660 2870 ἑκατέρου
681 2789 716 2850 τὸ
735 2788 898 2872 χρήσιμον.
934 2786 961 2848 εί
980 2784 1039 2868 γὰρ
1059 2785 1100 2866 μὴ
1116 2784 1237 2851 πάντως
1248 2783 1376 2854 κολάζοι
1387 2781 1437 2844 τὸν

322 2885 577 2964 κακοπραγοῦντα
604 2882 712 2960 νόσος,
742 2884 848 2965 ἐπειδὴ
878 2883 930 2946 καὶ
957 2881 1029 2950 τούς
1053 2880 1167 2964 νόμους
1195 2877 1274 2942 ἔστιν
1301 2879 1353 2943 ὅτε
1377 2880 1438 2942 δια-

323 2976 473 3061 φεύγουσι
492 2984 675 3064 κακοῦργοι,
696 2979 745 3066 ἀρ’
769 2978 822 3044 οὑν
846 2979 904 3042 οῦκ
925 2978 960 3044 ἀν
983 2977 1030 3062 εἴη
1053 2978 1103 3040 διὰ
1123 2982 1213 3041 τοῦτο
1237 2978 1366 3060 κώλυμα
1387 2980 1440 3060 τῆς

322 3075 508 3158 κακουργίας
530 3077 546 3139 ό
568 3077 672 3161 νόμος,
693 3077 799 3160 ἐπειδὴ
822 3078 863 3161 μη
885 3076 935 3140 διὰ
956 3078 1076 3140 πάντων
1095 3075 1216 3160 πρόεισι
1237 3079 1297 3137 τῶν
1321 3075 1438 3136 ὑποκει-

324 3171 442 3256 μένων,
472 3173 492 3256 ᾖ
521 3173 555 3236 τό
585 3174 692 3258 θαῦμα
714 3179 768 3258 τῆς
787 3180 842 3238 τοῦ
865 3175 942 3238 θεοῦ
966 3173 1076 3258 σοφίας
1097 3173 1237 3236 ἐντεῦθεν
1262 3175 1305 3241 ὡς
1327 3195 1436 3234 παντα-
1454 3185 1489 3241 25

322 3267 419 3354 χόθεν
442 3259 673 3348 ἀναδείκνυταιγ
712 3273 740 3335 εἰ
764 3271 898 3357 μὲνγὰρ
920 3274 1041 3340 πάντως
1061 3271 1153 3354 δῆλον
1175 3269 1212 3356 ἦν
1234 3273 1277 3339 ιὺς
1295 3267 1441 3353 οὐδαμῶς

324 3360 482 3452 ἐνδέχεται
517 3367 692 3453 διαφεύγειν
722 3373 783 3433 τῶν
814 3369 919 3454 νόμων
951 3369 1003 3452 τὴν
1039 3366 1164 3431 κόλασιν
1195 3369 1246 3431 τόν
1280 3367 1439 3451 ὁτιδήποτε

322 3469 382 3528 τῶν
406 3465 694 3550 ἀπη[γο]ρευμένων
714 3466 986 3552 διαπραττόμενον,
1008 3465 1151 3551 κίβδηλον
1175 3463 1210 3530 ἀν
1224 3465 1275 3528 καὶ
1288 3465 1354 3528 λίαν
1369 3465 1439 3530 ἀδό-
1517 3495 1520 3500 ·

323 3584 412 3645 κιμον
441 3561 479 3646 ἦν
507 3567 542 3628 τδ
575 3562 728 3649 ἄπρακτον
760 3569 813 3649 τῆς
836 3566 1000 3650 ἁμαρτίας·
1032 3565 1142 3635 πάντες
1161 3562 1219 3647 γάρ
1244 3562 1280 3626 ἀν
1303 3561 1367 3626 δέει
1386 3567 1441 3646 τῆς

322 3659 486 3742 τιμωρίας,
516 3660 587 3746 οὐχὶ
617 3661 700 3744 μίσει
726 3666 781 3744 τῆς
798 3663 992 3748 κακουργίας,
1023 3659 1202 3746 ἀπείχοντο·
1236 3661 1296 3746 χρὴ
1325 3662 1359 3724 δὲ
1387 3663 1437 3725 τὸν
1455 3674 1491 3730 30

325 3755 493 3818 σπουδαῖον
508 3761 605 3839 μισεῖν
619 3758 653 3820 τδ
667 3763 796 3842 ποιῆσαι
813 3761 929 3841 μᾶλλον
945 3761 964 3845 ἢ
978 3761 1040 3840 [τὸ]
1053 3759 1174 3836 παθεῖν,
1190 3755 1244 3844 κᾷν
1261 3759 1301 3843 μὴ
1316 3758 1441 3828 δικαίως

325 3851 497 3938 συμβαίνοι.
541 3853 682 3918 ἐντεῦθεν
712 3854 915 3940 διαφεύγουσι
941 3855 1013 3924 τοὺς
1037 3855 1151 3940 νόμους
1178 3860 1238 3918 τῶν
1260 3856 1439 3940 κακούργων

325 3950 355 4012 οί
373 3949 509 4030 πλείους,
527 3950 635 4036 ἐπειδή
655 3975 690 4035 γε
708 3951 836 4021 κόλασις
855 3951 916 4037 οὑχ
931 3953 1007 4037 αῦτη
1021 3957 1081 4016 τιῖιν
1095 3950 1331 4036 ἁμαρτανόντων
1349 3950 1439 4027 ἐστίν,

324 4045 424 4131 οἴησις
450 4049 485 4111 δὲ
509 4045 602 4130 μόνον
625 4051 782 4134 τιμωρίας.
820 4050 953 4119 θάνατος
976 4050 1032 4136 γὰρ
1055 4051 1071 4113 6
1090 4047 1168 4112 κατὰ
1189 4047 1277 4133 φύσιν
1298 4049 1349 4112 καὶ
1369 4042 1445 4132 δίχα

324 4144 484 4212 κολάσεως
509 4142 545 4207 ἀν
574 4145 720 4224 ἐπέλθοι,
754 4150 834 4212 ὥστε
856 4147 936 4234 άλλη
962 4149 1016 4232 μὲν
1040 4147 1103 4209 ἐστὶ
1124 4149 1188 4216 τοῖς
1208 4148 1437 4230 παρανομοῦσιν
1456 4157 1490 4214 ³5

324 4240 344 4322 ἡ
372 4239 506 4325 ἄφυκτος
529 4244 678 4329 τιμωρία,
709 4245 912 4330 διαφεύγουσι
935 4246 970 4308 δὲ
992 4246 1045 4330 τὴν
1070 4244 1119 4330 ἐφ’
1143 4245 1232 4328 ἡμῶν
1255 4244 1284 4306 ot
1305 4243 1439 4318 πλείους,

325 4336 375 4399 ἵνα
393 4339 428 4400 τό
448 4338 652 4426 ἐνδεχόμενον
670 4345 725 4406 τοῦ
746 4343 854 4406 λαθεῖν
874 4343 1008 4428 βάσανος
1027 4341 1152 4427 γένηται
1170 4344 1225 4404 τοῦ
1245 4339 1439 4424 ἀνθρωπίνου

325 4437 486 4520 λογισμοῦ.
510 4440 562 4501 καὶ
581 4439 652 4502 καθ’
677 4439 753 4502 δλου
775 4439 828 4502 ἐπί
846 4461 879 4502 τε
901 4439 1082 4508 κλέπτοντος
1100 4439 1152 4504 καὶ
1173 4435 1367 4524 ψευδομένου
1390 4437 1442 4500 καὶ

324 4531 363 4596 τὰ
382 4533 478 4618 μείζω
496 4538 556 4598 τῶν
577 4541 680 4600 κακῶν
698 4536 771 4619 δρᾶν
791 4534 1026 4622 ἐπιχειρούντων
1046 4538 1079 4600 τδ
1097 4535 1190 4622 ῥηθὲν
1204 4533 1439 4619 παρεκτείνεται.

1245 4635 1289 4698 30
