3517 5434
384 1723 569 1798 Praefatio
596 1725 763 1799 editionis
788 1723 965 1805 Flussat't1s
984 1729 1187 1808 (landellae
1212 1735 1439 1838 Burdigalae,

862 1853 968 1928 1574

835 2027 985 2038 ι---..-.

711 2147 927 2228 Franciscus
958 2155 1106 2230 Flussa's

663 2279 728 2347 lect
714 2283 776 2347 tori
800 2285 963 2376 θεοφόβῳ
987 2287 1153 2354 εὐθενίαν.

451 2442 720 2529 Quandoquidem
747 2451 888 2516 omnium
916 2473 1026 2518 eorum
1055 2475 1137 2537 quae
1170 2461 1245 2519 sunt
1277 2477 1390 2524 causas
1418 2483 1438 2524 a

384 2555 511 2624 Divinis
545 2562 651 2622 ortum
687 2558 805 2629 ducere
839 2571 981 2646 constat,
1016 2563 1182 2629 universus
1215 2565 1438 2652 philosophiae

385 2665 533 2757 splendor
554 2668 642 2753 apud
662 2693 773 2736 omnes
795 2680 828 2736 et
850 2675 1042 2760 singulos
1016 2697 1083 2740 e1us
1106 2697 1238 2761 scopum
1258 2675 1437 2760 disquiren-

270 2796 274 2809 “
384 2790 434 2846 tes
454 2778 566 2844 uniens
593 2779 656 2844 fuit
684 2783 824 2868 supremi
844 2784 930 2850 illius
952 2785 1037 2850 Boni
1064 2785 1269 2872 perquirendi
1291 2797 1436 2872 conatus,

384 2891 471 2958 nullo
496 2886 678 2959 discrimine
706 2901 794 2959 recte
815 2917 855 2959 ac
877 2895 1005 2981 oblique
1026 2897 1341 2984 philosophantibus,
1370 2921 1436 2984 quo

383 3001 462 3066 nihil
482 3005 698 3084 praestantius
719 3005 771 3070 vel
792 3008 956 3091 potentius
978 3011 1077 3074 111111.
1114 3008 1149 3074 id
1163 3010 1273 3094 utique
1286 3010 1342 3074 uni
1363 3019 1435 3076 tan-

318 3125 321 3132 '
381 3122 452 3178 tum
479 3113 687 3180 animantium
714 3138 749 3182 se
778 3116 1022 3184 discernendum
1049 3119 1199 3204 praebet,
1227 3120 1258 3186 ei
1284 3121 1435 3187 nimirum

383 3222 471 3308 quod
491 3248 532 3290 ex
552 3227 654 3313 ipsius
674 3227 760 3292 Boni
787 3229 919 3314 proprio
945 3230 1144 3315 potissimam
1174 3230 1434 3296 constitutionem

381 3336 526 3421 suscipit
570 3361 635 3420 quo
656 3346 750 3402 vetus
771 3337 827 3400 illa
847 3339 1026 3420 priscorum
1048 3341 1227 3419 παροιμία,
1254 3335 1292 3403 τὸ
1316 3336 1434 3422 ὅμοιον

381 3471 427 3529 τῳ
413 3443 555 3531 ὁμοίῳ
576 3442 712 3524 νοητόν,
733 3445 880 3531 partibus
903 3447 969 3512 suis
990 3447 1114 3528 functa,
1138 3467 1231 3510 omne
1252 3469 1353 3532 genus
1374 3447 1433 3514 ho-

381 3556 501 3620 minum
522 3555 556 3619 in
577 3556 709 3642 propria
730 3577 863 3622 munera
884 3555 1040 3622 obeunda
1054 3577 1186 3642 prorsus
1208 3555 1328 3644 adigat.
1305 3557 1432 3625 t-ho

380 3667 476 3732 minis
502 3689 640 3759 namque
669 3665 916 3741 concinnitatem
945 3667 979 3730 in
1007 3665 1046 3730 iis
1069 3689 1150 3751 quae
1174 3689 1193 3732 a
1213 3667 1299 3733 bona
1326 3677 1432 3734 mente

380 3785 560 3844 tractantur
582 3777 783 3862 speculandis
806 3777 979 3842 consistere
1001 3777 1083 3844 citra
1104 3779 1354 3847 controversiam
1374 3778 1432 3843 ha-

380 3888 486 3954 betur.
522 3887 619 3952 homo
634 3887 753 3972 quippe
768 3887 884 3952 animal
899 3888 1053 3954 Divinum
1068 3889 1171 3954 solum
1185 3887 1432 3974 philosophandi

382 4022 487 4086 capax
513 3998 635 4062 Divina
662 3999 913 4084 contemplatur,
947 4021 985 4064 ao
1012 4022 1070 4085 per
1099 3999 1213 4064 suimet
1240 3995 1431 4061 Divinitatis

382 4109 614 4196 spectationem
641 4131 823 4195 supremum
853 4107 934 4172 illud
960 4108 1103 4191 Bonum,
1138 4106 1240 4172 omnis
1268 4105 1431 4192 potentiae

384 4221 517 4286 simulac
538 4220 668 4284 virtutis
682 4220 837 4306 originem
851 4219 970 4302 Deum,
993 4217 1132 4282 omnium
1147 4215 1295 4301 opificem
1310 4223 1342 4280 et
1357 4238 1431 4281 oau-

383 4354 463 4416 sam,
484 4329 639 4418 peculiari
660 4338 693 4394 et
714 4330 776 4394 sibi
798 4329 957 4396 destinato
978 4349 1108 4393 munere
1123 4325 1279 4411 concipit:
1301 4333 1431 4412 tumque

384 4467 479 4510 verae
492 4439 713 4531 philosophiae
727 4441 902 4507 insectator
917 4447 976 4522 est,
999 4460 1072 4505 cum
1086 4435 1306 4524 philosophiae
1320 4459 1431 4502 verum

1135 255 1633 718 1
