3517 5434
310 673 461 734 εικιε
852 661 891 724 ¹⁰

313 827 508 911 δεικνύμενον
537 827 574 890 ἐκ
591 829 646 911 τῆς
670 826 794 898 ἀναξίας
813 827 866 892 καλ
890 832 944 912 τῆς
965 829 1025 908 (ῶς
1043 827 1228 912 ὑπείληφεν)
1251 827 1430 913 ἀκισύτητος

269 1003 278 1007 ,
311 924 467 990 τῶνκαθ’
497 925 589 1007 ἡμᾶς,
617 928 725 989 τοῦτον
753 926 809 1009 μὲν
832 928 991 1003 πλουτεῖν,
1019 929 1127 988 τοῦτον
1155 925 1191 988 δέ
1210 923 1360 990 πένεσθαι
1378 927 1430 992 καὶ

310 1023 362 1088 τύν
394 1023 449 1105 μὲν
479 1021 632 1098 εὐδοξεῖν,
664 1022 716 1086 τδν
745 1022 780 1085 δὲ
802 1023 925 1094 ἀδοξεῖν
947 1023 1000 1086 καί
1024 1021 1085 1086 ύσα
1108 1027 1247 1095 τοιαῦτα.
1277 1021 1312 1086 τύ
1334 1047 1367 1088 τε
1390 1024 1428 1108 δὴ

313 1118 564 1204 σπουδαζόμενύν
590 1119 655 1182 ἐστι
670 1123 715 1204 τφῖ
737 1119 848 1206 ἀγαθῶ
872 1121 926 1204 τὴν
950 1121 1053 1207 ψυχὴν
1076 1118 1289 1206 ἐλευθερῶσαι
1308 1123 1362 1204 τῆς
1377 1143 1428 1184 κα·

279 1217 382 1286 δκίας
400 1218 451 1281 καὶ
480 1218 592 1301 ταύτην
618 1217 767 1298 ἀντλῆσαι
788 1216 900 1301 τρόπον
931 1217 997 1282 τινὰ
1025 1219 1060 1284 έκ
1086 1221 1140 1301 τῆς
1163 1218 1253 1302 ύλης·
1279 1221 1369 1282 τοῦτο
1394 1218 1429 1282 δέ

311 1313 469 1398 γίγνεσθαι
494 1314 545 1380 διά
571 1319 626 1398 τῆς
653 1313 786 1398 σελήνης
807 1313 1018 1399 αὐξανομένης
1037 1337 1071 1380 τε
1092 1316 1144 1380 καὶ
1169 1314 1364 1400 μειουμένης,
1388 1318 1431 1386 ύις

313 1413 388 1498 δρᾶν
417 1413 570 1498 δοκοῦμεν
598 1413 698 1495 ἡμεῖς.
737 1411 772 1474 τύ
798 1410 856 1495 γάρ
888 1399 1157 1498 ἀληθλς”(φησίν)
1185 1413 1290 1497 ὑδρίας
1316 1411 1429 1498 τρόπον

313 1509 389 1593 αὐτὴ
419 1507 618 1594 πληρουμένη
645 1508 680 1572 έκ
705 1510 759 1589 τῆς
787 1505 996 1594 κατεχομένης
1024 1509 1132 1582 οὐσίας
1160 1511 1203 1580 είς
1224 1512 1258 1574 τὸ
1284 1510 1431 1596 ὁμογενὲς

313 1607 431 1690 ἀγαθὸν
453 1610 605 1682 κενοῦται,
637 1604 666 1668 εί
684 1602 741 1688 γάρ
763 1604 815 1668 καλ
839 1605 882 1687 μὴ
902 1603 1022 1676 τούτοις
1041 1617 1076 1690 γε
1100 1612 1164 1678 τοῖς
1186 1608 1328 1693 ῥήμασιν,
1349 1609 1430 1672 ἀλλά

264 1715 298 1770 10
314 1726 350 1786 γε
372 1707 469 1768 ταῦτα
492 1702 635 1789 βούλεται
657 1701 769 1785 λέγειν,
794 1701 872 1786 άπερ
895 1699 1178 1789 εὐσχημονέστερον
1199 1707 1278 1770 πάνυ
1300 1727 1335 1787 γε
1352 1706 1431 1788 πρὸς

312 1802 402 1885 ήμῶν
421 1800 550 1885 εἴρηται.
595 1802 738 1864 πλεῖστον
758 1799 818 1886 γὰρ
840 1799 914 1863 ὅσον
941 1801 1015 1885 παρ’
1041 1801 1126 1888 αὐτῷ
1147 1802 1182 1866 τύ
1207 1799 1375 1866 ἀλλόκοτον
1397 1799 1429 1864 έν

312 1903 352 1984 πή
373 1899 513 1983 διηγήσει
532 1899 582 1962 καί
603 1899 637 1962 τδ
659 1897 822 1962 ἀπίθανον.
866 1897 926 1964 ὅσα
949 1897 1004 1982 μὲν
1032 1897 1086 1964 υύν
1117 1900 1208 1985 ἕτερα
1229 1899 1324 1984 γραὸς
1344 1898 1429 1981 δίκην

314 1996 484 2080 μυθολογεῖ
505 1997 556 2060 καὶ
577 1997 701 2082 γράφει,
722 2001 762 2082 τῇ
782 1995 891 2082 Σύρων
915 1999 1008 2080 φωνή
1028 1999 1200 2082 χρώμενος,
1225 1997 1310 2065 ύπως
1332 1995 1386 2078 μὲν
1408 1995 1430 2078 ή

312 2093 576 2179 γήβαστάζεται,
606 2096 659 2158 τὸν
688 2095 846 2178 ποιητικὸν
875 2093 916 2177 μὴ
948 2093 1106 2179 διαφυγὼν
1135 2094 1251 2178 μῦθον,
1281 2093 1366 2164 ὅπως
1395 2094 1430 2160 δέ
1463 2165 1470 2176 ,

264 2197 297 2252 ιδ
316 2191 505 2254 συνίστανται
536 2191 566 2254 οί
599 2189 727 2275 ὄμβροι,
760 2195 803 2260 ῶς
840 2191 967 2275 ίδρῶτές
997 2191 1056 2264 ,είσι
1088 2195 1148 2254 τῶν
1187 2191 1345 2277 ἀρχόντων
1377 2197 1431 2276 τῆς

314 2288 405 2372 ὐλης,
423 2294 519 2354 ταῦτα
541 2289 593 2352 καὶ
614 2288 652 2351 τά
676 2293 803 2353 τοιαῦτα
826 2295 886 2352 τῶν
911 2287 1005 2352 αὐτοῦ
1026 2289 1249 2373 παλαισμάτων
1272 2311 1430 2374 παρεμπο-

314 2385 453 2470 ρεύματα
482 2387 620 2470 περιττὸν
650 2384 687 2450 ἀν
715 2386 763 2470 εἴη
790 2385 957 2470 προφέρειν
992 2385 1035 2454 είς
1065 2383 1203 2471 ἔλεγχον.
1251 2387 1312 2472 χρὴ
1345 2387 1380 2450 δὲ
1410 2387 1431 2452 ἃ
1560 2437 1564 2445 .

313 2485 383 2568 περὶ
414 2485 545 2548 ἑκάστου
575 2485 761 2568 παραπαίων
791 2485 904 2569 γράφει
932 2484 1090 2568 γνώρισμα
1110 2487 1174 2552 τοῖς
1198 2486 1300 2560 πᾶσιν,
1323 2485 1432 2569 ήκιστά

313 2605 349 2665 γε
378 2581 547 2667 ἀνέχεσθαι
574 2585 652 2666 πρὸς
684 2580 854 2665 ἀπέραντον
889 2580 1041 2666 φλυαρίαν
1075 2581 1126 2646 τὸν
1156 2579 1247 2664 λόγον
1277 2581 1430 2658 ἐκτείνειν,

262 2686 298 2742 H
316 2683 359 2749 ῶς
386 2681 499 2764 ἀρκοῦν
527 2678 602 2744 αὐτὸ
629 2680 663 2742 τύ
692 2680 862 2762 κεφάλαιον
889 2677 984 2742 αὐτοῦ
1014 2681 1068 2760 τῆς
1097 2677 1212 2762 ἀλόγου
1243 2679 1352 2762 μανίας
1373 2681 1430 2742 διε-

193 2811 196 2816 ·
315 2777 478 2862 λέγξαντας
501 2781 561 2841 τῶν
582 2776 687 2841 ἀλλων
710 2779 926 2860 καταφρονεῖν.
946 2778 1013 2861 ,καί
1034 2776 1062 2840 εί
1080 2776 1121 2860 μή
1142 2797 1177 2859 γε
1199 2776 1250 2838 τδν
1267 2777 1339 2860 περὶ
1359 2799 1431 2862 προ-

314 2874 400 2942 νοίας
420 2872 513 2956 λύγον
535 2872 694 2960 συνέβαινε
716 2875 807 2958 τήνδε
835 2873 889 2956 τήν
921 2873 1065 2938 ὑπόθεσιν
1094 2873 1267 2955 ἀναγκαίως
1285 2877 1431 2958 περιλαμ-

315 2971 428 3057 βάνειν,
461 2973 501 3036 δι’
526 2969 563 3035 οὐ
585 2974 736 3057 προσήκει
763 2970 861 3040 δεῖξαι
883 2972 926 3039 ὥς
947 2969 1067 3034 ἅπαντα
1087 2967 1121 3034 εῦ
1147 2971 1252 3034 τεκαὶ
1275 2971 1369 3040 θείως
1387 2993 1431 3034 τε·

314 3068 449 3152 ταγμένα
480 3071 534 3154 τὴν
565 3069 697 3155 ἄρρητον
725 3073 780 3132 τοῦ
803 3069 879 3132 θεοῦ
905 3067 1015 3152 σοφίαν
1038 3067 1195 3152 κηρύττει,
1213 3067 1313 3152 γέλως
1335 3067 1371 3132 ἀν
1394 3067 1432 3152 ήν

264 3175 299 3230 ffl
317 3169 524 3253 ἀντιρρήσεως
552 3173 625 3251 γοῦν
656 3189 736 3236 τινος
757 3165 860 3236 ἀξιοῦν
880 3163 918 3227 τὰ
944 3163 1144 3248 προτεθέντα,
1167 3163 1244 3249 άπερ
1265 3166 1351 3234 ἐκτὸς
1372 3168 1443 3228 τῶν·

314 3271 425 3330 κοινῶν
455 3265 581 3330 ἐννοιῶν
612 3263 878 3351 συμπεφορημένα
911 3260 1084 3345 αὐτόματον
1117 3261 1184 3346 ἔχει
1204 3263 1290 3344 παρά
1311 3283 1346 3344 γε
1369 3265 1433 3329 τοῖς

315 3362 467 3448 έχέφροσι
492 3368 544 3430 τὸν
572 3362 713 3448 ἔλεγχον.
754 3361 842 3445 ήρκει
872 3359 923 3434 δέ,
953 3357 1009 3422 οὐκ
1042 3355 1168 3422 ἔλαττον
1206 3357 1361 3427 δείξαντας
1390 3359 1456 3424 ῶς·

315 3460 463 3544 οὐδαμῶς
492 3460 528 3525 ἀν
558 3460 721 3544 ὐπάρξαιεν
752 3458 846 3542 ἀρχαὶ
876 3455 932 3518 δύο
961 3454 1012 3516 καὶ
1040 3455 1172 3535 μάλιστα
1194 3450 1344 3526 ἐναντίαι,
1370 3448 1431 3533 ήδη

314 3557 387 3640 περί
405 3579 439 3620 τε
461 3559 628 3643 ἀνθρώπου
656 3556 707 3620 καί
728 3557 783 3637 τῆς
802 3551 900 3636 ἄλλης
920 3549 1119 3635 δημιουργίας
1141 3546 1315 3634 διαλαβεῖν·
1348 3546 1433 3630 ὅμως

263 3660 299 3714 30
317 3653 354 3716 δὲ
376 3655 411 3719 τὸ
437 3658 559 3719 κωλῦον
591 3653 682 3717 οὐδὲν
711 3651 762 3714 καὶ
789 3654 850 3713 τῶν
872 3646 1084 3734 προτεθέντων
1112 3647 1185 3710 ίδεῖν
1215 3647 1249 3712 τὸ
1272 3645 1433 3710 ἀπίθανον.

315 3750 361 3824 18.
396 3754 520 3836 ήτάκτει
537 3751 614 3834 γάρ,
642 3748 754 3835 φησίν,
782 3748 801 3830 ή
826 3747 884 3831 ύλη
907 3745 994 3812 ποτέ.
1033 3744 1122 3808 ποίαν
1144 3743 1286 3821 ἀταξίανς
1316 3742 1376 3829 ἀρά
1398 3765 1433 3826 γε

315 3848 391 3912 καθ’
415 3849 526 3932 ἑαυτήν
549 3846 644 3924 υύσας
666 3847 686 3930 ή
709 3845 787 3910 κατὰ
804 3845 898 3922 τίνοςγ
921 3845 1024 3908 ἀδικία
1045 3842 1102 3928 γὰρ
1126 3841 1233 3906 ἅπασα
1246 3841 1357 3926 ἑαυτῆς
1377 3840 1434 3907 οὐκ

316 3946 352 4012 ἀν
372 3947 489 4030 γένοιτο
513 3945 627 4022 ἀδικία,
667 3945 764 4008 δεῖται
794 3943 829 4007 δὲ
858 3941 965 4026 ἑτέρου
988 3941 1068 4010 τινδς
1095 3939 1167 4006 καθ’
1191 3936 1229 4003 ού
1251 3938 1361 4023 γένοιτ’
1384 3939 1431 4004 ἄν.

315 4049 336 4130 ή
358 4047 458 4110 τοίνυν
478 4044 575 4130 ἑτέρῳ
595 4045 650 4108 τινὶ
671 4045 713 4128 μὴ
736 4043 982 4106 ἐπικοινωνοῦσα
1003 4037 1081 4102 κατὰ
1102 4038 1182 4107 τίνος
1196 4037 1334 4122 ήτάκτειι
1355 4035 1434 4120 ήτίς

265 4146 334 4208 δύῦ
356 4143 449 4227 λόγος
471 4149 525 4229 της
549 4141 674 4210 ἀταξίας
705 4141 816 4224 αὐτῆςς
839 4138 947 4222 ἐγέννα
970 4137 1025 4221 μὲν
1052 4140 1173 4220 πρῶτον
1200 4138 1353 4219 προϊοῦσα
1383 4132 1434 4196 καὶ

315 4229 476 4325 ηὐξάνετο,
486 4241 588 4326 φησίν.
608 4237 719 4302 οὐκοῦν
733 4239 870 4322 ἀιδίωςή
884 4237 982 4304 ἀίδιος
992 4233 1107 4318 ἐγέννα.
1123 4233 1207 4295 δυοῖν
1219 4231 1276 4315 γὰρ
1288 4229 1433 4313 θάτερον·

316 4344 336 4428 ἡ
359 4345 498 4426 λογισμῷ
516 4343 606 4403 τοῦτο
628 4337 805 4420 πράττουσα
826 4335 916 4420 κυρία
937 4337 990 4398 τοῦ
1013 4331 1208 4418 βουλήματος
1227 4328 1263 4414 ἦν
1276 4329 1296 4414 ἢ
1310 4327 1435 4417 φύσεως

232 4510 236 4517 ,
317 4442 434 4524 ἀνάγκη
453 4441 593 4522 γεννῶσα
614 4434 671 4500 οὐκ
692 4431 771 4500 ἔστιν
794 4432 847 4496 ύτε
869 4433 911 4516 μή
934 4433 1038 4514 γεννᾶν
1061 4429 1119 4494 ῦπδ
1142 4432 1196 4512 τῆς
1217 4426 1341 4513 φύσεως
1362 4427 1433 4510 ήνα-

317 4540 456 4622 γκάῖετο.
480 4533 551 4600 ἀλλ’
575 4534 781 4621 ἀφαιροῦνται
803 4529 858 4615 μὲν
889 4527 983 4612 αὐτῆς
1001 4527 1053 4592 καὶ
1074 4527 1220 4612 λογισμδν
1243 4524 1294 4590 καὶ
1314 4527 1435 4608 γνῶσιν,
