3517 5434
858 675 897 736 19
1265 688 1434 751 εαι-ει,

313 840 400 925 παρὰ
421 839 596 923 ἀνθρώποις
618 839 830 924 ἀναφαίνεται,
854 841 1003 926 οὐδαμῶς
1022 841 1104 927 εἶχεν
1120 845 1139 926 ῆ
1156 843 1214 928 ύλη
1228 846 1288 930 πρὸ
1303 845 1433 930 κόσμου,
1456 833 1460 841 ’

315 939 397 1000 ῶστε
424 936 482 1000 οδκ
513 935 652 1020 ἐπεδῆθη
680 942 720 1019 τῆ
744 939 922 1022 συγκράσει,
960 938 1040 1002 ἀλλά
1070 940 1244 1004 τούναντίον
1274 940 1351 1006 κατὰ
1380 943 1434 1026 τῆν

314 1033 445 1117 ἀνόητον
464 1033 559 1118 αὐτὴν
585 1032 742 1110 ὑπόθεσιν,
765 1036 869 1119 ῶσπερ
889 1035 980 1105 ίππος
1000 1036 1108 1100 πεδίου
1125 1038 1294 1124 λαβομένη,
1316 1038 1435 1103 διαθέει

312 1132 390 1218 πρὸς
411 1132 465 1215 τῆν
485 1131 604 1195 ἀδικίαν
629 1134 688 1194 τῶν
707 1136 810 1196 κακῶν
832 1132 1005 1218 φερομένη·
1029 1131 1048 1196 ἀ
1069 1132 1126 1217 γὰρ
1150 1135 1301 1219 μηδαμῶς
1314 1136 1435 1221 ὑπῆρχε

313 1231 373 1314 πρὸ
394 1227 513 1313 κόσμου
533 1229 630 1305 κακοί,
648 1233 745 1292 ταότα
770 1228 825 1314 ἀφ’
847 1229 884 1294 ού
909 1228 1024 1312 κόσμος
1051 1229 1081 1292 ἐν
1109 1231 1216 1316 κόσμῳ
1239 1232 1467 1322 ἐμπολιτεύε-ό

313 1349 373 1390 ται.
411 1323 466 1411 κᾷν
493 1327 551 1412 γάρ
577 1327 647 1411 θείη
667 1349 712 1395 τις
737 1327 816 1391 κατά
837 1329 889 1391 τδν
919 1328 1046 1392 ἐκείνου.
1071 1326 1162 1410 λόγον
1194 1332 1354 1394 στασιάσαι
1381 1333 1433 1394 καὶ

315 1429 448 1507 μανῆναι
473 1423 541 1488 κατ’
564 1424 710 1508 ἀλλήλοιν
736 1425 808 1494 τοὺς
826 1430 880 1510 τῆς
903 1427 978 1510 όλης
1000 1425 1050 1488 καὶ
1074 1427 1166 1510 μυρίοι
1194 1427 1349 1512 ἀλλήλους
1370 1430 1432 1492 δια-

315 1521 417 1584 θεῖναι
444 1520 524 1586 κακά
553 1522 603 1585 καὶ
629 1521 706 1585 κατὰ
736 1528 791 1586 τού
819 1527 924 1608 φυιτδς
949 1528 1154 1606 στρατεῦσαι,
1186 1524 1222 1588 ού
1253 1523 1432 1608 μέντοι.τδν

314 1618 485 1700 κατάλογον
522 1623 583 1681 τῶν
619 1620 898 1704 κατηριθμημένων
931 1621 1133 1704 ἀνθρωπίνων
1166 1627 1268 1686 κακῶν
1307 1621 1434 1692 ἐκείνοις

315 1713 450 1801 ύπάρέαι
477 1715 745 1799 φαντασθῆσεται,
785 1719 891 1800 ἐπειδή
912 1741 947 1800 γε
977 1719 1051 1782 οὐδὲ
1072 1720 1233 1805 ἐνεδέχετο
1255 1720 1292 1782 τὰ
1314 1720 1431 1804 ἀνθρῶ-
1452 1727 1485 1782 ¹⁰

314 1834 391 1875 mva-
407 1811 488 1874 κακά
509 1814 577 1896 πρὶν
602 1812 768 1896 ἄνθρωπον
788 1814 934 1895 γενέσθαι
956 1817 1155 1898 πράττεσθαι.
1199 1819 1332 1880 καὶτοῦ
1355 1815 1390 1878 ἀν
1415 1819 1431 1880 ὁ

316 1910 445 1992 φάσκον
466 1908 532 1993 εἴη,
559 1907 604 1976 ῶς
626 1909 842 1994 ἐσωφρονίσθη
870 1911 1042 1993 πεδηθεῖσα
1065 1914 1084 1994 ἡ
1107 1913 1215 1987 κακία,
1243 1915 1262 1996 ῆ
1285 1915 1354 1997 πρὶν
1378 1915 1432 1997 μὲν

314 2006 488 2090 πεδηθῆναι
515 2012 575 2070 τῶν
601 2006 680 2070 κατά
703 2008 887 2090 ἀνθρώπους
910 2012 1012 2071 κακῶν
1037 2010 1111 2072 ούδὲ
1133 2010 1328 2094 μεμνημένη,
1358 2010 1433 2092 μετά

315 2104 406 2167 δὲτὸ
428 2104 601 2187 πεδηθῆναι
622 2104 671 2166 ἐπὶ
692 2105 810 2171 τούτοις
831 2106 1077 2191 διαβαλλομένης
1100 2109 1129 2170 τί
1146 2108 1204 2192 γάρ
1229 2106 1361 2192 ἔβλαπτε
1384 2109 1432 2170 τά·

313 2200 410 2282 γαθὸν
435 2201 507 2264 καθ’
532 2202 644 2285 ἑαυτὴν
671 2203 845 2265 ἀτακτοῦσα
872 2204 923 2266 καὶ
953 2203 994 2286 μῆ
1026 2202 1145 2289 ἔχουσα
1174 2201 1200 2290 ᾧ
1227 2205 1280 2288 τὴν
1308 2205 1431 2274 ἀταξίαν
1451 2218 1484 2272 15

313 2298 551 2383 προστρίψηταις
569 2298 680 2383 τρέψαι
704 2299 758 2382 μὲν
781 2298 838 2383 γάρ
865 2301 997 2383 τάγαθὸν
1023 2299 1171 2384 οὐδαμῶς
1191 2301 1241 2364 οἵα
1264 2325 1296 2366 τε
1316 2301 1364 2386 ῆν.
1405 2311 1432 2373 εἰ

314 2396 350 2458 δὲ
380 2394 545 2482 ἐπιβαίνειν
579 2397 735 2481 ἐπεχείρει
761 2400 825 2465 τοῖς
854 2397 896 2481 μὴ
929 2399 1016 2466 ἰδίοις
1044 2398 1162 2476 τόποις,
1194 2399 1307 2484 ἑτέρως
1337 2399 1431 2482 αύτῆν

313 2492 407 2576 ἐχρῆν
428 2493 608 2558 ἀναστεῖλαι
636 2497 690 2576 τῆς
712 2493 827 2576 ἀλόγου
842 2498 962 2578 φορᾶς·
1005 2498 1024 2579 ῆ
1052 2496 1109 2579 γάρ
1134 2497 1205 2560 καθ)
1230 2498 1341 2580 ἑαυτῆς
1360 2496 1431 2581 πρό·

313 2613 400 2674 τερον
423 2591 546 2677 ἀβλαβῆ
569 2593 623 2675 τῆν
644 2592 768 2662 ἀταξίαν
793 2591 1007 2676 ἐνδεικνυμένη
1028 2599 1079 2658 νῦν
1102 2617 1137 2678 γε
1160 2595 1249 2658 δοκεῖ
1270 2597 1432 2680 προσειλη-

237 2730 239 2734 ,
315 2688 407 2773 φέναι
417 2712 446 2751 τι
466 2689 581 2772 ἕτερον,
606 2688 680 2752 καθ’
695 2688 732 2752 ού
754 2687 798 2757 ῶς
816 2687 959 2762 συνόντος
980 2691 1033 2774 τῆν
1056 2692 1178 2762 ἀταξίαν
1196 2691 1430 2778 βλαβερωτέραν
1448 2703 1484 2760 θ)

316 2785 490 2854 ἐνδείξεται.
534 2785 642 2848 αὐτίκα
661 2785 714 2848 καὶ
738 2784 898 2868 ἄνθρωποι
926 2787 998 2848 καθ’
1025 2789 1155 2858 ἑαυτούς
1172 2793 1338 2872 κακοῦργοι
1364 2791 1432 2874 βου-

243 2951 246 2956 ,
314 2885 462 2968 λη’σονται
492 2883 546 2966 μέν
567 2905 596 2946 τι
616 2884 711 2946 κακὸν
733 2883 826 2965 δρᾶν,
854 2881 896 2964 μῆ
920 2879 1046 2966 ἔχοντες
1072 2885 1107 2948 δὲ
1127 2883 1197 2948 καθ’
1217 2883 1261 2948 ού
1288 2885 1431 2968 δράσειεν

315 2983 404 3067 ἀργοὶ
420 2979 456 3044 ἀν
478 2980 714 3064 ἀποδειχθεῖεν,
737 2979 894 3061 ἀλλήλους
911 2978 939 3040 δ’
966 2977 1001 3042 ἀν
1026 2978 1119 3046 ίδοιεν
1141 2982 1287 3050 εὐνοϊκῶς
1306 3005 1432 3066 συμφω-

315 3080 365 3163 νίηι
382 3083 421 3162 τῆ
442 3079 513 3161 περὶ
534 3079 568 3140 τὸ
587 3076 693 3141 κακόν.
721 3078 741 3159 ῆ
766 3075 801 3138 δὲ
825 3075 883 3158 ύλη
906 3075 1152 3165 ούτεῆβούλετο,
1173 3077 1248 3143 ούδὲ
1268 3078 1326 3163 γάρ
1346 3079 1432 3165 ἐβου-

315 3177 423 3240 λεύετο
443 3175 557 3258 ἀλογος
578 3173 668 3250 ούσα,
689 3172 761 3238 οὔτε
784 3172 924 3249 ἐδύνατο,
947 3175 1023 3260 μόνη
1045 3178 1096 3240 καὶ
1119 3176 1192 3243 καθ’
1208 3177 1320 3260 ἑαυτὴν
1344 3175 1433 3240 ούσα.
1449 3189 1484 3244 25

314 3271 367 3347 30,
410 3273 463 3359 ἀρ’
488 3271 542 3336 ούν
579 3275 598 3355 ῆ
631 3269 808 3355 καλουμένη
841 3273 919 3355 πρὸς
944 3278 998 3336 τοῦ
1032 3273 1178 3358 μανέντας
1210 3275 1266 3358 ύλη
1299 3275 1349 3338 διὰ
1382 3278 1434 3357 τῆς

315 3377 418 3458 ψυχῆς
439 3371 513 3455 ύλην
537 3365 747 3454 ἀληθεστέραν
776 3370 853 3454 πρὸς
881 3374 936 3434 τοῦ
960 3372 1080 3470 ἀγαθοῦ
1106 3371 1291 3436 κινδυνεύειν
1313 3393 1433 3456 προσει-

315 3469 448 3555 ληφέναι
470 3470 559 3532 δοκεῖ
578 3470 622 3538 είς
645 3467 799 3552 ἐνέργειαν
818 3468 936 3545 κακίας,
963 3467 1000 3552 ῆν
1021 3469 1141 3552 ἠγνόει·
1181 3470 1355 3532 ἐνεκαλεῖτο
1376 3470 1433 3554 γάρ

314 3569 374 3650 πρό
396 3566 516 3649 κόσμου
543 3566 667 3636 ἀταξίαν
696 3564 811 3647 ἀίδηλον
839 3566 911 3648 ῆμῖν
940 3566 991 3628 καὶ
1022 3567 1063 3649 μὴ
1093 3567 1301 3651 φαινομένην,
1334 3565 1433 3650 ἔμαθε

316 3664 352 3726 δέ
375 3663 508 3746 ἐνεργεῖν
529 3665 610 3746 δῆλα
631 3665 682 3726 καὶ
703 3660 875 3748 φαινόμενα
893 3663 982 3724 κακοί.
1019 3663 1181 3748 διύπνησεν
1197 3663 1258 3748 ἀρα
1274 3665 1309 3728 τδ
1324 3664 1431 3748 θηρίον
1449 3673 1485 3728 ³⁰

314 3761 335 3842 ῆ
368 3759 473 3844 ἐπῳδὴ
513 3761 564 3822 καὶ
594 3759 743 3842 ούδαμῶς
772 3758 840 3824 κατ’
870 3758 989 3822 ἐκεῖνον
1024 3760 1188 3844 ἐκοίμισεν.
1253 3759 1296 3834 θλ.
1342 3763 1369 3838 ,εἰ
1399 3762 1434 3824 δέ

317 3855 402 3940 λέγοι
429 3855 510 3932 ,,οόκ
536 3855 649 3940 ἤθελεν
676 3859 693 3920 ό
721 3857 794 3924 θεὸς
821 3855 967 3938 γενέσθαι
990 3856 1144 3942 κόσμον“,
1168 3858 1337 3944 ἐριοτητέον
1372 3855 1433 3922 Καὶ

315 3953 359 4022 τίς
379 3952 418 4038 ῆν
439 3955 456 4017 ό
482 3953 687 4038 βουλόμενοςς
707 3953 768 4040 ἀρα
792 3955 811 4037 ῆ
835 3953 928 4017 κακία
949 3953 968 4035 ῆ
994 3954 1035 4036 μὴ
1059 3954 1226 4037 ἐγνωκυῖας
1247 3957 1290 4026 τίς
1306 3953 1341 4018 δέ
1354 3954 1432 4016 ἐστιν

316 4053 334 4116 ό
355 4052 588 4119 κατασκευάσας
609 4051 641 4121 ἐξ
669 4052 785 4136 ἀμφοῖν
812 4051 850 4116 τά
875 4050 963 4126 ὄντας
993 4052 1012 4133 ῆ
1039 4051 1112 4134 ὕλης
1138 4051 1250 4118 ούκοῶν
1274 4051 1434 4135 θαυμασία

315 4149 369 4232 τῆν
392 4148 557 4233 ἐνέργειαν.
608 4147 678 4214 ἀλλ’
700 4146 761 4230 ἀρα
787 4148 860 4218 θεὸς
880 4146 939 4212 ούκ
960 4147 1057 4231 ἤθελε
1079 4149 1145 4231 μέν,
1164 4151 1353 4235 ἠναγκάζετο
1380 4147 1431 4224 δές
1448 4159 1483 4216 ³5

316 4244 430 4310 ου’κοῦν
453 4246 586 4330 ὑπετάγη
612 4248 729 4330 μᾶλλον
751 4246 771 4328 ῆ
793 4245 934 4314 ὑπέταξε.
978 4245 1029 4308 καὶ
1051 4249 1188 4330 περιττδν
1212 4248 1334 4332 κάκεῖνο
1358 4245 1432 4308 θαυ-

317 4345 435 4427 μάζειν,
456 4343 593 4424 τάγαθοῦ
614 4343 668 4426 τῆν
691 4342 802 4425 σοφίαν
825 4342 1004 4428 βιασθεῖσαν
1029 4344 1072 4411 εἰς
1095 4343 1148 4426 τῆν
1173 4345 1289 4429 βλάβην
1310 4347 1370 4406 τῶν
1386 4363 1432 4425 γε·

316 4440 511 4525 νησομένονν·
530 4438 568 4502 ιἀ
594 4439 652 4524 γὰρ
681 4438 828 4522 ούδαμῶς
854 4437 892 4524 ῆν
914 4439 994 4504 κακὰ
1019 4441 1087 4523 πρὶν
1111 4440 1269 4504 συνελθεῖν
1291 4439 1433 4504 τάναντία

316 4536 388 4602 οὔτε
410 4537 470 4622 μὴν
494 4535 594 4622 ὄνομα
613 4541 687 4621 γοῦν
716 4536 819 4601 αότῶν
848 4534 1064 4612 ἐπολιτεύετο,
1099 4541 1194 4622 ταῦτα
1216 4537 1292 4621 μετὰ
1313 4534 1431 4620 κόσμου

1240 4645 1282 4712 2*
