3517 5434
306 772 359 822 cap.
381 751 422 803 12.
704 754 781 823 4Περὶ
797 751 846 805 vau
862 753 959 806 κοινοῦ.
1314 755 1360 808 101

308 904 326 970 ὁ
356 909 434 982 νοῦς
463 902 675 996 ἐπιστατήσῃ,
707 903 843 984 ταύταις
871 911 983 998 φαίνει
1018 909 1137 972 ἑαυτοῦ
1165 903 1202 972 τό
1233 913 1364 997 φέγγος,

308 1012 541 1104 ἀντιπράττων
556 1014 664 1081 αὐτῶν
678 1027 749 1092 τοῖς
762 1014 1006 1104 προλήμμασιυ,
1030 1014 1137 1106 ὥσπερ
1153 1014 1267 1106 ἰατρός
1281 1017 1361 1102 ἀγα·

274 1121 374 1203 eut-3
402 1129 496 1192 λυπεῖ
518 1122 556 1194 τὸ
579 1127 675 1212 σῶμα
703 1131 963 1215 προειλημμένον
990 1123 1054 1194 ὑπό
1076 1125 1192 1208 νόσου,
1214 1132 1317 1195 καίων
1339 1125 1361 1208 τ’)

306 1242 432 1322 τέμνων
452 1235 578 1322 ύγιείας
600 1243 709 1304 ἕνεκα·
732 1228 800 1303 τόν
813 1236 916 1305 αὐτὸν
940 1237 1064 1327 τρόπον
1086 1243 1142 1306 καὶ
1164 1239 1183 1306 ὁ
1203 1243 1281 1317 νοῦς
1300 1258 1362 1331 apo-
1388 1327 1397 1338 ο

305 1346 369 1435 χὴν
398 1351 491 1415 λυποῖ
517 1348 702 1438 ὲξυφαιρῶν
730 1344 833 1430 αὐτὴν
861 1353 921 1430 τῆς
942 1350 1078 1432 ἡδονῆς,
1113 1350 1176 1442 ἀφ’
1201 1343 1241 1432 ἧς
1268 1355 1361 1418 πᾶσα

273 1457 408 1538 θνόοος
429 1462 538 1549 ψυχῆς
558 1464 692 1546 γίνεται.
738 1457 838 1538 νόσος
860 1464 895 1527 δὲ
917 1459 1043 1547 μεγάλη
1066 1467 1175 1553 ψυχῆς
1197 1459 1360 1543 ἀθεότης·

307 1575 417 1638 ίπειτα
440 1569 522 1651 δόξα
545 1578 590 1649 είς
610 1569 721 1638 πάντα
743 1569 785 1638 τά
807 1567 894 1637 κακοί
916 1574 1139 1638 ἐπακολουθεῖ
1153 1577 1208 1639 καὶ
1224 1569 1361 1656 ἀγαθόν

308 1681 411 1748 οὐδέν.
461 1673 519 1770 ἀρ’
543 1673 602 1748 οὖν
631 1682 650 1748 ὁ
678 1687 757 1759 νοῦς
786 1662 1017 1768 ἀντιπράσσωυ
1046 1681 1128 1774 αὐτῇ
1156 1679 1194 1749 τό
1224 1679 1362 1768 ἀγαθόν

274 1803 291 1853 υ
307 1802 525 1880 περιποιεῖται
546 1795 585 1881 τῇ
605 1795 702 1882 ψυχῇ,
723 1789 832 1881 ὥσπερ
855 1793 944 1859 καὶὸ
962 1792 1075 1877 ίατρός
1096 1799 1143 1880 τῷ
1159 1793 1287 1880 σώματι
1302 1791 1362 1876 τὴν

307 1902 442 1988 ὑγίειαν.
487 1900 565 1970 ὅσαι
587 1904 622 1969 δὲ
643 1907 749 1990 ψυχαὶ
778 1901 992 1991 ἀνθρώπιναι
1020 1904 1079 1971 οὐκ
1106 1909 1220 1993 ίτυγον
1247 1896 1408 1996 ναβερ-4

307 2009 410 2094 υήτου
431 2017 492 2080 τοῦ
513 2016 574 2079 νοῦ
594 2009 634 2078 τό
656 2012 739 2081 αὐτὸ
760 2013 926 2101 πάσχουσι
947 2025 1020 2092 ταῖς
1035 2007 1100 2083 τῶν
1115 2015 1246 2103 ἀλόγων
1261 2015 1360 2099 ζώων.

257 2135 290 2186 12
308 2121 464 2211 συνεργὸς
490 2122 555 2212 γάρ
583 2123 700 2203 αύταῖς
725 2123 899 2212 γενόμενος
927 2130 983 2192 καὶ
1012 2125 1133 2206 ἀνίσας
1161 2127 1221 2208 τάς
1242 2134 1361 2198 ἐπιθυ-

306 2242 393 2322 μίας,
416 2243 461 2315 είς
482 2232 524 2313 ἀς
545 2242 712 2327 φέρονται,
735 2241 774 2328 τῇ
796 2234 881 2330 ῥύμῃ
905 2242 964 2319 τῆς
979 2237 1113 2322 ὀρέξεως
1133 2237 1217 2330 πρὸς
1231 2239 1270 2308 τό
1286 2238 1362 2309 ἀλο-

306 2372 367 2432 γον
394 2339 637 2429 συντεινούσας,
666 2347 774 2436 ὥσπερ
804 2347 843 2415 τό
870 2345 995 2437 ἀλογον
1023 2354 1088 2418 τῶν
1117 2349 1205 2432 ζώων
1234 2352 1363 2438 ἀλόγως

134 2478 157 2512 ο
256 2470 289 2520 15
306 2457 517 2546 θυμούμεναι
543 2463 600 2526 καὶ
627 2458 758 2545 ἀλόγως
785 2465 1011 2548 ίπιθυμοῦσαι
1034 2461 1075 2528 οὐ
1095 2457 1257 2530 παύονται
1286 2465 1362 2533 οὐδὲ

305 2568 404 2657 κόρον
426 2575 535 2658 ίγουσι
553 2575 621 2654 τῶν
642 2575 759 2638 κακῶν.
795 2574 902 2657 θυμοὶ
917 2568 983 2661 γάρ
1005 2576 1062 2638 καὶ
1083 2577 1261 2661 ἐπιθυμίαι
1282 2575 1361 2643 ἀλο-
1432 2655 1442 2678 ·

374 2853 400 2901 2.
425 2849 522 2916 αὐτόν]
542 2851 636 2903 ἑαυτὸν
654 2851 686 2902 Β.
777 2852 802 2902 4.
822 2850 923 2918 ὑγιείας
946 2854 1017 2903 ἕνεκα
1041 2871 1091 2903 orn.
1112 2853 1156 2902 AB
1181 2855 1259 2907 Turn.
1279 2857 1361 2910 Fluaa.

376 2936 401 2989 4.
420 2937 445 2989 5.
463 2937 551 3006 ψυχὴν
568 2957 618 2987 orn.
639 2939 668 2987 A.
740 2935 766 2986 5.
785 2927 941 3005 ἐξυφαιρῶν]
966 2937 1011 2992 ἔξω
1030 2939 1113 3006 φόρων
1132 2937 1198 2990 Patr.
1219 2935 1233 3006 Η
1277 2937 1362 3010 αὐτὴν

376 3022 424 3091 τῆς
432 3019 540 3092 ἡδονῆς]
559 3021 594 3074 aie
606 3021 652 3073 AB
665 3022 739 3088 Verg.
752 3022 828 3083 Pate,
846 3016 929 3088 ἀύτῆς
946 3019 995 3088 τὴν
1011 3018 1106 3088 ἡδονήν
1124 3023 1221 3091 reliqui.
1258 3023 1283 3077 6.
1294 3021 1363 3080 ciue.

378 3108 450 3178 ότης]
464 3107 567 3178 α’ξιότης
579 3109 652 3176 Verg.
688 3107 714 3161 9.
734 3105 813 3161 oum.
826 3109 857 3159 Α.
894 3107 936 3160 lt.
952 3105 991 3158 13.
1010 3113 1070 3166 ταῖς
1087 3111 1243 3177 ἐπιθυμίαις
1256 3109 1359 3176 B'Verg.

377 3197 442 3249 Patr.
502 3195 543 3248 11.
562 3193 661 3267 ὥσπερ]
680 3199 725 3248 καὶ
744 3193 831 3265 ὥσπερ
851 3193 906 3245 ΑΒ.
927 3187 940 3262 ΙΙ
979 3193 1015 3246 τὰ
1034 3189 1119 3263 ἄλογα
1137 3195 1167 3248 Β.
1228 3197 1268 3250 15.
1289 3193 1360 3266 οὐδὲ]

371 3284 411 3336 εἰς
428 3283 475 3335 ΑΒ
494 3284 570 3345 Patr„
589 3286 635 3336 καί
653 3278 728 3336 οῦδὲν
746 3283 826 3333 Τυτο.
844 3279 925 3332 Fluss.

306 3557 448 3616 opponens
466 3555 528 3593 aeee
546 3557 636 3593 earum
653 3532 849 3614 ρἐιοιαιαριίε,
867 3537 949 3591 aienti
966 3533 1087 3589 medicus
1105 3533 1193 3588 bonus
1212 3531 1308 3588 dolore
1325 3533 1361 3589 af-

305 3622 363 3678 ficit
381 3643 479 3699 corpus
497 3631 716 3698 praecurreptum
734 3622 840 3690 morbo,
858 3641 939 3678 urena
959 3629 986 3676 et
1004 3637 1099 3676 secans
1111 3620 1233 3673 sanitatis
1252 3639 1360 3686 τούτοις

305 3707 399 3763 eodem
422 3706 502 3762 ruodo
524 3727 601 3762 mene
624 3709 726 3762 animae
749 3707 870 3762 dolorem
892 3706 982 3772 infert,
1006 3705 1150 3762 extrahens
1173 3723 1230 3759 eam
1253 3703 1362 3762 evolu-

305 3803 387 3870 pure,
406 3813 421 3847 a
440 3813 491 3870 qua
510 3795 597 3847 omnia
614 3793 725 3848 morbus
744 3793 847 3848 animae
865 3791 904 3846 fit.
941 3791 1051 3848 morbus
1070 3809 1180 3866 magnus
1199 3791 1300 3845 animae
1319 3799 1361 3846 ent

305 3881 441 3956 impictaa;
467 3899 500 3935 ex
518 3897 572 3953 quo
591 3879 684 3955 opinio
702 3876 737 3932 ad
755 3879 843 3932 omnia
861 3875 929 3932 mala
949 3880 1071 3950 requitur
1089 3877 1168 3934 etad
1186 3876 1285 3932 bonurn
1303 3876 1362 3932 nul·

304 3965 368 4021 lum.
398 3985 475 4022 mene
494 3974 582 4020 autem
600 3983 661 4019 oeae
680 3981 821 4041 opponens
834 3961 940 4017 bonnm
960 3963 1064 4018 confert
1081 3965 1190 4029 animae,
1210 3964 1291 4018 eieuti
1308 3981 1361 4018 me·

305 4051 381 4108 dieue
401 4053 510 4128 corpori
528 4053 676 4106 sanitatem.
695 4057 868 4125 quotcunque
886 4067 951 4104 vero
964 4049 1066 4102 animae
1082 4047 1210 4103 humanae
1226 4067 1280 4105 non
1297 4059 1361 4105 aunt

305 4139 417 4192 sortitae
433 4145 549 4193 mentem
566 4135 780 4211 gubernatricem
798 4135 869 4192 idern
881 4138 1021 4215 patiuntur
1032 4135 1127 4190 animia
1145 4132 1293 4192 brutorum.
1317 4153 1360 4190 co·

305 4225 442 4297 operatrix
460 4221 534 4279 enim
556 4225 590 4278 tis
613 4222 681 4279 facta
700 4232 727 4279 et
744 4225 884 4279 remittens
903 4221 1078 4300 cupiditatem
1100 4219 1128 4276 in
1147 4239 1213 4298 quaa
1232 4221 1361 4286 feruntur,

305 4309 407 4383 impetu
426 4313 559 4384 appetitus
578 4309 612 4366 ad
634 4309 866 4366 irrationalitatem
889 4309 1043 4376 tendentes,
1066 4310 1147 4364 aienti
1169 4305 1360 4362 irrationaliter

305 4392 458 4448 animalium
475 4394 665 4451 irrationaliter
681 4399 835 4453 irascuntur
852 4406 879 4452 et
898 4397 1100 4472 concupiscunt,
1119 4411 1173 4447 non
1192 4399 1299 4446 ceaaant
1316 4411 1361 4446 ue·

307 4499 359 4556 que
377 4481 528 4536 satietatem
546 4479 645 4537 habent
662 4483 798 4540 maiorum.
835 4484 891 4537 irae
910 4484 980 4536 enim
999 4490 1026 4536 et
1044 4477 1278 4554 concupiscentiae
1295 4478 1359 4531 irra-

312 4643 334 4682 ⁶
435 4687 456 4723 ο
