3517 5434
865 676 904 736 91

330 844 371 926 μὴ
405 847 450 926 τιγῖ
485 841 612 926 ῥεύματι
646 849 707 904 τῶν
738 844 905 927 χρημάτων
934 841 1122 926 συρρέουσαν
1152 841 1205 924 τὴν
1235 841 1370 903 διάνοιαν
1400 844 1445 924 τῷ

330 941 450 1024 ῥευστιγῖ
475 940 611 1024 χρήματι
641 941 795 1024 λαμβάνῃ.
839 941 867 1002 εί
892 940 949 1024 γὰρ
973 939 1022 1022 ’ρεῖ
1041 937 1078 1000 τά
1100 940 1245 1024 χρήματα
1266 938 1318 1000 καὶ
1341 939 1443 1000 στάσιν

330 1037 386 1099 οόκ
407 1034 490 1120 ἔχει,
517 1036 642 1106 εἰκότως
665 1037 883 1120 ἀνθίσταταιὴ
907 1039 1034 1120 γνώμη,
1057 1037 1110 1119 τὴν
1135 1036 1250 1099 οἰκείαν
1275 1035 1376 1098 στάσιν
1400 1037 1444 1117 τιγῖ

330 1135 450 1219 ρευστιηῖ
470 1136 605 1219 χρήματι
629 1136 671 1218 μὴ
695 1135 931 1219 διαφθείρουσα.
975 1135 1025 1196 καὶ
1046 1134 1151 1217 ἐπειδὴ
1173 1137 1215 1214 πῆ
1240 1134 1294 1215 μὲν
1317 1133 1336 1214 ἡ
1361 1134 1445 1215 φιλο-

327 1232 483 1316 χρηματία
505 1234 610 1308 λυπεῖ,
629 1237 671 1314 πῖη
695 1233 730 1295 δέ
753 1233 915 1315 φιλοδοξία
939 1235 1065 1294 συλῶσα
1088 1232 1141 1314 τὴν
1161 1231 1297 1294 διάνοιαν
1318 1235 1362 1314 τῷ
1382 1228 1478 1314 νέφ5

327 1329 379 1392 καὶ
401 1329 529 1412 ἀνθηρῷ
546 1333 602 1411 τῆς
623 1328 724 1413 δόξης,
747 1329 911 1413 ἐσχεδίασε
923 1329 973 1392 καὶ
985 1333 1074 1390 τοῦτο
1090 1329 1124 1390 τὸ
1136 1328 1236 1397 πάθος
1254 1328 1372 1409 (,είδον
1392 1328 1444 1390 τὸν

329 1425 426 1509 ἀσεβῆ
462 1425 665 1509 ἐπαιρόμενον
697 1427 749 1490 καὶ
785 1427 1038 1509 ύπερυφούμενον
1072 1429 1114 1494 ῶς
1145 1425 1197 1494 τὰς
1229 1427 1358 1509 κέδρους
1388 1428 1444 1487 τοῦ

329 1523 478 1607 Λιβάνου,
500 1524 552 1585 καὶ
570 1523 742 1606 παρῆλθον,
767 1524 819 1587 καὶ
842 1522 910 1586 ἰδού
935 1522 991 1586 οὐκ
1014 1521 1098 1606 ἧν“),
1129 1523 1178 1586 ίνα
1201 1526 1337 1608 μηδεμιᾷ
1359 1523 1445 1606 ἀκμη

329 1619 442 1702 ῥᾳδίως
474 1619 683 1704 μαραινομένῃ
716 1620 875 1706 ύπηγμένη
904 1622 923 1703 ἡ
955 1620 1074 1682 διάνοια
1106 1622 1140 1683 τδ
1171 1621 1282 1704 ἑαυτῆς
1313 1619 1445 1704 μέγεθος

327 1718 501 1800 πιπράσκη,
530 1717 599 1780 ἀλλ’
629 1718 864 1802 ύπερκύπτουοα
890 1722 986 1780 ταῦτα
1006 1722 1060 1780 τού
1082 1715 1198 1800 ἔρωτος
1219 1723 1272 1801 τῆς
1294 1717 1443 1800 ἀληθείας
1462 1728 1495 1782 1⁰

329 1811 446 1898 ἔχηται.
490 1812 540 1878 καὶ
569 1814 619 1878 διὰ
648 1821 738 1878 τοῦτο
762 1817 815 1900 τὴν
845 1815 1031 1898 συμμετρίαν
1061 1813 1132 1898 τιμᾷ
1163 1817 1212 1878 καὶ
1240 1817 1292 1899 τὴν
1324 1814 1442 1877 ἀδικίαν

329 1910 443 1980 ἐξωθεῖ
469 1913 520 1976 καὶ
546 1912 584 1975 τὰ
611 1912 681 1976 θεῖα
709 1914 870 1998 οἰκητήρια
892 1913 1070 1988 ,ἀποδίδωσι
1095 1916 1157 1980 τοῖς
1181 1913 1234 1997 τὴν
1257 1911 1442 1995 συμμετρίαν

328 2009 508 2094 τετηρηκόσι
531 2010 582 2073 καὶ
602 2010 702 2079 υύτως
724 2013 784 2097 βοᾷ
809 2010 925 2094 ,κύριε,
947 2010 990 2078 τίς
1010 2011 1194 2093 παροικήσει
1217 2011 1249 2074 ἐν
1272 2015 1316 2096 τηῖ
1329 2010 1443 2090 σκηνῶ-

329 2108 402 2190 ματί
425 2131 481 2170 σου
510 2109 530 2191 ἢ
554 2109 597 2176 τίς
620 2110 853 2191 κατασκηνώσει
882 2109 914 2170 ἐν
938 2107 1003 2192 ὄρει
1027 2108 1104 2191 ἁγίῳ
1128 2130 1203 2183 σουγ
1234 2107 1444 2192 πορευόμενος

328 2205 459 2290 ἄμωμος
478 2208 530 2270 καὶ
551 2205 755 2290 ἐργαζόμενος
775 2205 961 2288 διαιυσύνην,
986 2209 1089 2269 λαλῶν
1111 2206 1260 2290 ἀλήθειαν
1285 2205 1316 2268 ἐν
1333 2207 1443 2290 καρδίη
1463 2215 1494 2268 15

328 2303 457 2380 αύτού“,
489 2303 538 2366 ίνα
566 2308 625 2367 πᾶν
655 2302 737 2371 εἶδος
756 2303 1004 2386 φιλοχρηματίας
1024 2303 1326 2387 ἐξορίσαςτόποντγῖ
1343 2304 1444 2388 ἀδικίη

328 2403 370 2485 μὴ
396 2400 531 2485 παρέχη.
574 2403 626 2464 καὶ
654 2401 736 2464 ούτω
760 2403 820 2462 πᾶν
850 2399 934 2469 εἶδος
955 2400 1129 2470 ἐπεξελθὼν
1155 2403 1274 2465 ἀνεῖλεν
1299 2403 1315 2464 δ
1340 2399 1443 2484 νόμος.

328 2498 378 2562 διά
399 2504 490 2561 τοῦτο
515 2500 531 2562 ύ
553 2500 631 2563 κατὰ
655 2499 749 2581 νόμον
772 2497 984 2583 φθεγγόμενος
1007 2500 1083 2584 ὑπὲρ
1104 2499 1254 2583 ἀληθείας
1269 2499 1444 2584 φθέγγεται,

327 2597 379 2660 διὰ
407 2601 496 2658 τοῦτο
525 2596 555 2658 οί
580 2601 633 2678 τῆς
661 2596 810 2680 ἀληθείας
837 2596 961 2679 ἐργάται
989 2595 1045 2660 οὐκ
1066 2598 1270 2679 ἀγανακτοῦσι
1291 2597 1336 2682 τηῖ
1357 2596 1444 2682 νόμῳ

327 2693 404 2758 κατὰ
428 2695 536 2763 κακίας
563 2692 776 2779 φθεγγομένῳ.
820 2693 1028 2756 ἐλάλει·πυτὲ
1054 2694 1132 2757 κατὰ
1155 2696 1401 2780 φιλοχρηματίας
1425 2698 1494 2760 όθθ

327 2793 445 2876 σωτήρ,
475 2791 677 2877 ἐτραχύνοντυ
708 2792 738 2854 οί
763 2789 925 2854 Ἰουδαῖοι·
963 2793 982 2874 ἡ
1006 2791 1063 2875 γὰρ
1087 2793 1173 2876 φιλία
1194 2797 1253 2855 τῶν
1275 2795 1441 2878 χρημάτων

326 2889 500 2974 τραχύτητα
522 2888 601 2954 κατὰ
621 2893 676 2952 τοῦ
696 2887 838 2969 λέγοντος
859 2889 1027 2971 εἰργάζετο.
1070 2888 1179 2972 ἀμέλει
1200 2890 1270 2954 όταν
1287 2892 1442 2974 παιδαγω-

326 2987 381 3069 γδς
400 2987 531 3072 ῥφθύμιμ
551 2988 636 3050 παιδλ
657 2987 727 3070 περὶ
752 2985 905 3070 ῥᾳθυμίας
925 2986 1112 3070 διαλέγηται,
1137 2992 1268 3070 μισεῖται
1288 2988 1372 3072 παρὰ
1388 2992 1442 3051 τού

327 3083 637 3168 παιδαγωγουμένου·
670 3087 731 3152 τοῖς
758 3081 815 3166 γὰρ
845 3083 861 3143 ό
890 3087 943 3165 τῆς
970 3083 1042 3151 νέας
1068 3085 1187 3165 ἡλικίας
1214 3088 1247 3150 τδ
1274 3085 1374 3152 πάθος
1397 3083 1442 3148 ἐκ·

327 3181 446 3245 κόπτων
477 3187 609 3265 μισεῖται
638 3181 689 3244 διὰ
712 3181 766 3263 τὴν
792 3181 896 3262 φιλίαν
917 3185 977 3243 τῶν
997 3182 1128 3263 ἡδονῶν.
1172 3182 1223 3246 διδ
1242 3188 1332 3246 τούτο
1357 3183 1440 3266 μεμί·
1459 3191 1493 3246 2⁵

327 3301 417 3362 σηται
445 3278 530 3362 παρὰ
557 3284 618 3342 τῶν
646 3280 834 3362 αἱρεοιωτῶν
863 3280 880 3340 ό
907 3277 1015 3362 νόμος·
1048 3280 1115 3342 ἐπεὶ
1142 3279 1219 3342 κατὰ
1245 3286 1305 3344 τῶν
1333 3279 1442 3343 παθῶν

328 3379 452 3464 ἐχώρει,
474 3377 553 3441 κατὰ
571 3382 631 3441 τῶν
653 3376 881 3461 ἁμαρτημάτων
907 3376 1044 3462 ἐβάδιζε,
1067 3376 1145 3440 κατὰ
1166 3383 1225 3440 τῶν
1247 3375 1441 3462 φιλουμένων

327 3474 494 3557 διελέγετο,
512 3475 569 3539 οὐκ
588 3475 718 3560 ἤνεγκαν
737 3475 771 3538 τὸ
785 3478 920 3558 πρᾶγμα.
951 3474 1000 3538 ἵνα
1015 3475 1050 3538 δὲ
1064 3473 1109 3542 ἔτι
1124 3473 1444 3558 μεγαλοπρεπέστατα

326 3573 475 3656 γένωνται
502 3573 574 3655 ἡμῖν
606 3575 636 3634 οί
661 3572 748 3654 λόγοι
766 3574 817 3635 καὶ
836 3579 921 3657 φανγῙ
942 3598 961 3656 η
983 3577 1042 3636 τῶν
1065 3572 1213 3656 αἱρέσεων
1235 3572 1346 3635 ἀτοπία
1365 3571 1443 3634 κατὰ

327 3675 381 3732 τοῦ
405 3668 501 3752 νόμου
525 3669 638 3738 ἀδίκως
661 3672 859 3756 βεβαδυιυῖα,
893 3672 933 3754 μὴ
959 3668 1051 3752 μόνον
1079 3671 1124 3734 ότι
1151 3675 1209 3734 πᾶν
1234 3669 1316 3738 εἶδος
1336 3670 1442 3738 κακίας
1459 3681 1495 3736 ω

328 3767 448 3829 ἀνεῖλεν
475 3769 492 3830 ό
520 3766 616 3850 νόμος
641 3768 891 3850 προσγράφωμεν
920 3767 965 3852 τῷ
993 3767 1094 3853 λόγῳ,
1126 3769 1196 3832 ἀλλ’
1228 3768 1273 3832 ότι
1305 3768 1356 3831 καὶ
1383 3772 1442 3832 πᾶν

328 3863 411 3932 εἶδος
432 3865 543 3948 ἀρετῆς
565 3866 726 3948 ὑφηγεῖται
748 3865 798 3928 καὶ
822 3864 974 3948 ἐξηγεῖται
996 3867 1243 3950 προσαποδῶμεν
1267 3872 1306 3950 τη
1328 3866 1441 3950 ύμιλίφ.

328 3963 356 4025 εί
379 3962 434 4047 μὲν
455 3961 513 4045 γάρ
534 3960 589 4030 τάς
607 3961 715 4030 κακίας
731 3962 833 4029 πάσας
851 3961 971 4024 ἀνεῖλεν
993 3963 1009 4026 ό
1029 3962 1134 4047 νόμος,
1159 3963 1195 4026 ού
1217 3966 1318 4032 πάσας
1337 3965 1371 4027 δὲ
1390 3962 1444 4032 τὰς

327 4058 437 4142 ἀρετὰς
459 4057 616 4143 ἐνέθηκεν,
642 4058 779 4122 ἐνέλιπεν
800 4059 818 4122 ό
838 4057 943 4140 νόμος,
966 4060 1147 4144 λειπόμενος
1167 4063 1221 4145 τὴν
1242 4065 1302 4124 τῶν
1325 4061 1442 4142 ἀρετῶν

327 4157 517 4240 κατασκευὴν
544 4159 596 4220 καλ
622 4157 676 4226 τὰς
702 4158 757 4241 μὲν
788 4156 896 4224 κακίας
916 4156 1015 4225 πάσας
1037 4159 1183 4244 ἐξερίσας,
1205 4156 1313 4244 μηκέτι
1336 4157 1370 4220 δέ
1389 4155 1442 4224 τὰς
1459 4170 1493 4225 ab

327 4254 438 4338 ἀρετὰς
456 4255 557 4323 πάσας
576 4260 615 4338 τη
638 4259 727 4341 ψυχῇ
747 4252 1001 4339 μνηστευόμενος.
1038 4255 1090 4320 ῖδν
1114 4257 1149 4320 δὲ
1169 4256 1253 4340 παρὰ
1274 4259 1327 4318 τοῦ
1349 4251 1442 4335 λόγου

328 4358 413 4438 φανῇ
441 4352 488 4416 ότι
515 4350 601 4435 παρὰ
627 4357 672 4438 τῷ
697 4352 784 4438 νόμῳ
807 4352 859 4416 καὶ
879 4354 944 4420 τοῖς
963 4353 1135 4438 προφήταις
1157 4357 1253 4416 πᾶσαι
1275 4355 1389 4416 κεῖνται
1411 4351 1443 4415 αἱ

327 4450 452 4534 ἀρεταί,
483 4452 550 4516 πῶς
577 4449 614 4512 ού
639 4449 810 4533 θαυμάζειν
840 4450 960 4512 δεῖκαὶ
982 4449 1194 4534 ἀποδέχεσθαι
1213 4450 1264 4513 τὸν
1288 4454 1341 4514 τού
1365 4448 1443 4512 θεοῦ

327 4545 439 4632 νόμοις
460 4546 612 4631 τεττάρων
626 4545 684 4635 γὰρ
702 4547 805 4617 οὐσῶν
817 4551 878 4616 τῶν
894 4546 1023 4636 ἀρετῶν,
1044 4546 1225 4632 φρονήσεως
1240 4543 1444 4632 σωφροσύνης
