3517 5434
382 721 416 770 52
749 716 813 770 -Ὅτι
828 721 855 769 ἐν
872 716 943 787 μόνῳ
964 718 1073 783 τοῦ-θεῷ
1341 739 1394 787 cap.
1414 720 1439 772 6,

383 865 407 939 ὦ
434 874 616 952 Ἀσκληπιέ,
646 868 697 936 ὅτι
719 869 740 950 ἡ
764 869 862 938 οὑσία
889 873 948 936 τοῦ
976 872 1075 948 θεοῦ,
1103 869 1133 935 εί
1159 894 1194 953 ys
1224 869 1342 940 οὐσίαν
1371 877 1441 958 ἔχει,

382 982 421 1050 τὸ
443 981 546 1050 καλόν
572 989 659 1048 εστι·
689 976 727 1048 τὸ
751 984 785 1048 δὲ
807 977 910 1048 καλὸν
937 983 993 1046 καὶ
1021 977 1158 1066 ἀγαθόν
1187 987 1272 1048 ἐστι·
1302 981 1440 1069 ἀγαθὸν

383 1093 478 1161 οὐδέν
501 1101 568 1159 ἐστι
590 1095 848 1178 καταλαβέσθαι
869 1095 935 1170 τιῦν
958 1099 992 1158 ὲν
1015 1096 1060 1176 τῷ
1082 1089 1204 1178 κόσμῳ.
1242 1091 1353 1160 ποίντα
1374 1091 1473 1182 γάρθ

383 1201 424 1270 τά
453 1208 500 1289 τῷ
528 1203 701 1295 ὀφθαλμῷ
735 1203 965 1270 ὑποπίπτοντα
991 1201 1108 1270 είὸωλά
1143 1211 1211 1270 ἑστι
1245 1209 1301 1272 καὶ
1330 1203 1438 1294 ὥσπερ

383 1320 617 1407 σκιαμραφίαιι
641 1312 685 1380 τά
707 1318 741 1381 δὲ
763 1311 809 1400 μὴ
825 1314 1061 1392 ὑποπίπτοντα,
1085 1325 1103 1391 †
1124 1313 1269 1400 μάλιστα
1293 1319 1327 1384 δὲ
1343 1315 1364 1396 ἡ
1379 1319 1439 1382 τοῦ

381 1430 485 1494 καλοῦ
505 1431 562 1493 καί
584 1430 643 1493 τοῦ
663 1426 812 1511 ἀγαθοῦ.
858 1428 914 1490 καὶ
937 1421 1043 1511 ὥσπερ
1068 1425 1085 1491 ὁ
1109 1425 1292 1516 ὀφθαλμὸς
1322 1426 1361 1494 οὑ
1384 1424 1437 1492 ‹lai-
1457 1443 1472 1492 6

381 1561 483 1604 ναται
504 1533 563 1604 τὸν
586 1534 673 1604 θεὸν
696 1540 786 1617 ἰδεῖν,
809 1533 912 1613 οὑτως
935 1533 1069 1604 οὐδὲτὸ
1093 1536 1195 1606 καλὸν
1217 1541 1273 1604 καὶ
1295 1534 1332 1604 τὸ
1357 1537 1437 1621 ἀγα-

381 1646 461 1714 θόν.
499 1651 604 1714 ταῦτα
619 1645 683 1736 μάρ
706 1644 748 1714 τά
770 1653 853 1737 μέρη
876 1651 935 1716 τοῦ
957 1652 1043 1714 θεοῦ
1065 1653 1153 1716 ἐστίν
1175 1646 1347 1736 ὁλόκληρα,
1369 1648 1436 1714 lua

381 1759 484 1826 αὑτοῦ
505 1756 623 1843 μόνου,
647 1768 751 1826 οἰκεῖοι
773 1757 940 1849 ἀχώριστοι
963 1759 1203 1847 ἑρασμιώτατα,
1225 1752 1270 1827 ὧν
1294 1755 1315 1840 ἢ
1337 1756 1437 1837 αὑτὸς
1456 1777 1472 1826 9

381 1871 399 1936 ὑ
423 1869 507 1948 θεὸς
530 1875 591 1959 ἐρᾷ
614 1866 637 1952 ἢ
658 1871 744 1938 αὐτοὶ
766 1875 826 1952 τοῦ
848 1873 935 1938 θεοῦ
958 1875 1027 1959 ἐρᾷ.

336 1979 355 2042 5
447 1987 490 2048 El
511 1981 654 2050 δύνασαι
681 1986 802 2063 νοῆσαι
823 1977 883 2048 τὸν
906 1980 1005 2062 θεόν,
1034 1979 1163 2064 νοήσεις
1192 1978 1229 2049 τὺ
1252 1980 1354 2052 καλὸν
1382 1985 1436 2049 καὶ

380 2092 534 2177 ἀγαθόν,
562 2091 601 2159 τὸ
624 2093 873 2182 ὑπέρλαμπρον,
903 2092 941 2158 τὸ
964 2091 1259 2180 ὑπερλαμπόμενον
1285 2090 1349 2160 ὑπὸ
1378 2098 1437 2162 τοῦ
1456 2111 1487 2161 12

305 2250 313 2263 ,
381 2207 474 2270 θεοῦ.
519 2211 622 2271 ἐκεῖνο
652 2202 718 2292 γὰρ
747 2202 785 2270 τὸ
814 2201 936 2282 κάλλος
965 2203 1160 2291 ἀσύγκριτον
1188 2209 1244 2272 καὶ
1273 2211 1375 2272 ἐκεῖνο
1398 2200 1436 2268 τὸ

382 2310 520 2397 ἀγαθὸν
543 2313 718 2398 ἀμίμητον,
742 2312 849 2401 ὥσπερ
872 2319 929 2380 καὶ
951 2312 1051 2394 αὐτὸς
1074 2316 1092 2382 ὁ
1116 2314 1207 2393 θεός.
1245 2315 1288 2394 ὡς
1303 2307 1361 2382 οὖν
1376 2318 1435 2380 τὸν

289 2503 295 2514 Ι
380 2421 467 2490 θεὸν
489 2432 589 2502 νοεῖς,
612 2420 696 2490 οὑτω
719 2429 775 2491 καὶ
797 2421 835 2491 τὸ
857 2420 961 2492 καλὸν
983 2430 1039 2493 καὶ
1062 2423 1201 2512 ἀγαθόν
1223 2425 1299 2494 νόει.
1344 2425 1434 2492 ἀκοι-
1456 2443 1487 2492 15

381 2534 511 2616 νοίνητα
540 2530 604 2620 γάρ
633 2538 739 2602 ταῦτα
768 2546 838 2614 τοῖς
867 2533 980 2616 ἀλλοις
1009 2544 1073 2606 τῶν
1096 2536 1185 2620 ζώων
1208 2543 1290 2619 ίστί,
1320 2534 1374 2604 bul
1397 2533 1435 2603 τὸ

381 2645 547 2731 ἀχώριστα
570 2644 653 2712 εἶναι
674 2650 735 2713 τοῦ
756 2650 852 2714 θεοῦ.
889 2645 947 2716 ule
970 2655 1043 2741 περὶ
1066 2654 1126 2718 τοῦ
1148 2653 1234 2718 θεοῦ
1256 2651 1359 2742 ζητῇς,
1381 2652 1436 2715 καὶ

449 2920 474 2970 2.
493 2925 562 2974 ίστι·
582 2913 703 2988 ἀγαθὸν]
726 2921 761 2973 sic
779 2923 855 2987 Patr„
874 2945 925 2980 um.
945 2927 1025 2980 celeri.
1117 2927 1143 2980 5.
1162 2926 1334 2996 σκιογραφίαι
1356 2923 1434 2974 Turn.

449 3008 530 3058 Fluss.
551 3005 615 3060 Pali.
635 3003 650 3076 ll
680 3009 717 3078 μὴ
737 3008 938 3078 ὑποπίπτοντα]
958 3008 1001 3065 ἀεὶ
1018 3011 1178 3066 ὑπόπτοι·τα
1197 3011 1262 3062 Pati.
1318 3007 1359 3059 ll.
1378 3004 1436 3074 νοή-

449 3112 503 3145 σειν
522 3093 587 3145 Patr.
696 3095 737 3146 12.
758 3094 927 3167 ὑπίρλαμπον
946 3099 976 3148 Α.
1078 3098 1119 3150 14.
1138 3113 1194 3167 post
1211 3090 1319 3165 ἀγαθὸν
1338 3097 1360 3146 Α
1380 3094 1435 3146 add.

450 3179 490 3230 τὸ.
565 3177 606 3232 16.
625 3195 681 3232 aule
699 3180 767 3242 ζώων
788 3183 808 3231 Α
828 3185 909 3234 Fluss.
929 3184 985 3234 add.
1005 3179 1096 3236 ἀλλων.

380 3403 523 3455 essentiam
542 3399 637 3466 habet,
660 3400 801 3475 pulchrum
820 3402 870 3465 sil3
893 3399 1034 3474 pulchrum
1058 3409 1146 3454 aulem
1168 3401 1247 3454 etiam
1269 3398 1368 3454 bonum
1386 3407 1434 3454 est.

378 3487 478 3540 bonum
503 3493 591 3540 autem
618 3484 721 3540 nullum
751 3483 987 3559 comprehenditur
1010 3486 1037 3538 in
1060 3485 1169 3541 mundo,
1211 3486 1298 3540 omnia
1321 3505 1436 3560 namque

378 3571 464 3628 oeulis
484 3571 604 3626 subiecta
623 3569 695 3624 idola
708 3579 773 3624 sunt
791 3580 818 3623 et
830 3567 913 3624 veluti
926 3569 1045 3639 umhrae;
1064 3591 1131 3647 quas
1144 3591 1207 3626 vero
1220 3593 1274 3628 non
1287 3572 1434 3640 subiacent,

376 3657 397 3726 ὑ
412 3661 524 3713 maxime
542 3658 606 3712 boni
626 3665 653 3710 et
670 3653 785 3732 pulchri.
816 3662 843 3708 el
860 3655 932 3711 sieut
945 3657 1039 3714 oculus
1058 3679 1111 3714 nun
1129 3668 1222 3736 polest
1240 3659 1318 3716 deum
1335 3659 1434 3726 videre,

376 3745 413 3797 ila
432 3763 519 3816 neque
538 3741 679 3817 pulchrum
696 3760 783 3815 neque
802 3739 908 3799 bunum.
945 3742 994 3799 hae
1013 3747 1082 3800 enim
1106 3755 1194 3822 parles
1218 3746 1262 3803 dei
1283 3757 1347 3803 sunt
1369 3749 1437 3802 iute-

377 3848 447 3900 grae,
468 3829 593 3902 propriae
611 3828 698 3901 ipsius
716 3825 810 3895 solius,
829 3827 981 3896 familiares,
999 3831 1203 3908 inseparabiles,
1222 3834 1434 3898 amabilissime,

376 3933 442 3988 quas
461 3911 505 3968 vel
525 3910 590 3966 deus
610 3922 678 3967 amal
696 3912 740 3970 vel
759 3915 834 3991 ipsae
852 3925 940 3972 amant
959 3916 1045 3974 deum.

430 3997 461 4052 Si
479 4007 559 4073 potes
578 3997 727 4074 inlelligere
745 4000 833 4070 deum,
852 4001 986 4078 intelliges
1005 4005 1147 4082 pulchrum
1165 4017 1192 4062 et
1210 4006 1317 4071 bunum,
1335 4001 1435 4076 fulgen-

375 4086 509 4138 tissimum
534 4083 814 4164 radiantissimumqne
838 4111 852 4142 a
872 4089 932 4146 deo.
973 4089 1019 4146 illa
1043 4094 1113 4148 enim
1137 4089 1307 4168 pulchritudo
1335 4090 1435 4142 incom-

376 4169 505 4246 parabilis
524 4179 550 4224 et
568 4171 635 4227 illud
653 4173 752 4230 bonum
772 4175 942 4243 inimitabile,
966 4179 1045 4234 siculi
1069 4189 1096 4232 et
1118 4180 1178 4252 ipse
1200 4176 1275 4232 deus.
1318 4183 1349 4230 ul
1371 4194 1433 4250 ergo

377 4254 456 4310 deum
474 4256 616 4333 intelligis,
642 4261 681 4315 sic
701 4268 728 4315 et
745 4259 886 4336 pulchrum
905 4271 932 4316 el
950 4262 1049 4318 bonum
1068 4261 1193 4334 intellige.
1231 4264 1434 4318 incommunica-

376 4342 441 4399 bilia
461 4346 530 4400 enim
549 4356 612 4402 sunt
630 4345 690 4400 aliis
709 4345 879 4415 animalibus,
903 4368 935 4403 eu
960 4349 1032 4424 quod
1051 4346 1239 4424 inseparabilia
1258 4357 1321 4406 sunt
1340 4369 1354 4402 a
1373 4347 1431 4404 deo.

375 4433 397 4484 εἰ
417 4429 450 4486 ile
469 4430 520 4486 dee
540 4434 655 4506 quaeris,
676 4434 753 4488 eliam
767 4431 800 4488 de
815 4432 927 4511 pulcluu
941 4436 1055 4510 quaeris.
1095 4455 1143 4490 uua
1159 4444 1200 4490 est
1213 4437 1282 4492 enim
1296 4435 1328 4492 ad
1343 4437 1431 4512 ipsum
