3517 5434
373 726 410 779 28
775 725 849 797 Πρὸς
863 719 1023 793 Ἀσκληπιὸν
1327 747 1380 796 cap.
1400 727 1425 778 2.

373 875 416 946 toi
438 876 503 967 γὰρ
524 882 571 965 μή
600 875 681 944 ὄντα
704 877 744 945 οῦ
765 872 865 968 φύσιν
888 880 1032 964 ἔχειτοῦ
1061 873 1232 946 δύνασθαι
1259 884 1426 963 γενέσθαι,

374 985 460 1054 ἀλλά
483 991 543 1055 τοῦ
563 984 610 1074 μὴ
633 985 805 1056 δύνασθαί
826 1015 857 1055 τι
879 992 1048 1075 γενέσθαι.
1080 992 1135 1056 καὶ
1157 987 1257 1056 πόλιν
1279 987 1320 1056 τό
1344 987 1425 1058 ὅντα

374 1099 413 1168 οῦ
435 1097 536 1190 φύσιν
558 1103 620 1187 ἔχει
641 1103 700 1166 τοῦ
721 1100 879 1184 μηδέποτ’
899 1095 990 1166 εἶναι.
1445 1117 1458 1166 ³

307 1206 349 1272 14
435 1206 686 1290 Ἀσκληπιός.
737 1214 778 1276 Τι’
799 1203 859 1277 οῦν
883 1207 947 1302 φῂς
967 1206 1027 1276 τὸν
1049 1207 1135 1278 θεὸν
1157 1207 1240 1278 εἶναὶ
1261 1237 1358 1295 noua,-

436 1322 591 1408 Ἑρμῆς.
632 1320 671 1388 Ὁ
693 1313 751 1388 οῦν
780 1317 864 1398 θεός
892 1320 932 1388 οῦ
952 1326 1031 1399 νοῦς
1053 1328 1154 1402 ἐστίν,
1183 1323 1288 1400 αἴτιος
1310 1325 1344 1390 tt
1366 1326 1425 1389 τοῦ

374 1429 457 1500 εἶναι
471 1436 560 1512 νοῦν,
581 1431 656 1499 οῦδὲ
677 1435 814 1517 πνεῦμα,
833 1431 940 1529 αἴτιος
955 1433 989 1498 δὲ
1004 1435 1065 1498 τοῦ
1086 1432 1170 1500 εἶναι
1190 1439 1327 1519 πνεῦμα,
1350 1433 1424 1500 οὐδὲ
1443 1449 1458 1500 6

373 1549 452 1635 φῶς,
474 1543 579 1620 αἴτιος
601 1546 635 1610 δὲ
657 1545 717 1610 τοῦ
739 1545 812 1634 φῶς
834 1540 931 1612 εἶναι·
956 1537 1041 1609 ὅθεν
1064 1539 1123 1610 τόν
1145 1541 1231 1611 θεὸν
1253 1548 1326 1612 ὁνσὶ
1349 1542 1423 1609 ταῦ-
1515 1569 1525 1580 ’

372 1680 445 1732 ταις
472 1667 546 1732 ταῖς
572 1657 809 1743 προσηγορίαις
837 1655 1001 1738 σέβεσθαι
1024 1656 1087 1734 δεῖ,
1114 1665 1187 1733 ταῖς
1214 1652 1306 1741 μόνῳ
1334 1653 1424 1738 αὐτῷ

372 1770 686 1852 προσῳκειωμέναις,
716 1768 770 1832 καὶ
794 1760 883 1849 ἄλλῳ
906 1763 1021 1832 οὐδενί.
1046 1760 1119 1832 οὔτε
1141 1761 1205 1853 γαρ
1228 1769 1292 1831 τῶν
1313 1761 1422 1832 ἄλλων
1441 1781 1457 1830 t
1518 1753 1528 1760 ’

371 1877 555 1962 λεγομένων
576 1878 668 1943 θεῶν
692 1870 765 1943 οὔτε
793 1874 985 1963 ἀνθρώπων
1014 1871 1087 1943 olias
1110 1873 1275 1960 δαιμόνων
1297 1901 1346 1954 τις
1368 1872 1423 1942 δῦ-

372 2011 470 2053 ναται
492 1982 555 2054 νῦν
568 1985 646 2052 καθ’
666 1985 853 2055 ὁποσονοῦν
869 1984 1006 2072 ἀγαθός
1029 1987 1120 2068 εἶναι,
1143 1981 1165 2069 ἢ
1179 1985 1281 2073 μόνος
1297 1987 1316 2054 ὁ
1331 1983 1422 2066 θεός,

371 2101 428 2163 καὶ
448 2095 547 2162 τοῦτό
570 2105 637 2164 ἐστι
659 2096 773 2182 μόνον,
795 2101 851 2162 καὶ
874 2097 968 2164 οῦδὲν
985 2094 1083 2164 ἄλλο·
1106 2095 1148 2164 τῦ
1163 2101 1197 2164 δὲ
1212 2095 1298 2164 ἄλλα
1312 2097 1422 2189 πάντα
1441 2113 1473 2166 12

368 2205 514 2294 χωριστά
542 2214 610 2274 ἐστι
639 2213 697 2288 τῆς
726 2212 784 2273 τοῦ
811 2205 951 2289 ἀγαθοῦ
979 2206 1122 2295 φύσεως·
1151 2211 1246 2292 σῶμα
1274 2207 1337 2294 γάρ
1361 2215 1423 2274 εἰσι

370 2319 428 2381 καὶ
447 2312 547 2404 ψυχή,
569 2315 673 2382 τόπον
696 2316 754 2382 οὐκ
775 2320 892 2400 ἔχοντα
904 2318 1054 2403 χωρῆσαι
1076 2314 1259 2403 δυνάμενον
1281 2313 1319 2382 τό
1341 2317 1420 2402 ἀγα-

307 2432 348 2498 15
370 2424 451 2494 θόν.
480 2429 638 2492 τοσοῦτον
659 2423 724 2512 γάρ
752 2433 820 2492 ἐστι
843 2429 904 2491 τοῦ
931 2423 1070 2510 ἀγαθοῦ
1091 2425 1129 2494 τὸ
1152 2431 1311 2513 μέγεθος,
1340 2425 1421 2496 ὅσον
1441 2449 1473 2499 15

372 2540 460 2603 ἐστὶν
480 2532 619 2622 ῦπαρξις
640 2534 772 2602 πάντων
794 2531 988 2615 τῶνόντων,
1009 2540 1065 2602 καὶ
1088 2535 1247 2622 σωμάτων
1262 2542 1317 2605 καὶ
1333 2538 1420 2605 ἀσω-

371 2645 493 2732 μάτων,
515 2650 571 2713 καὶ
594 2649 768 2727 αἰσθητῶν
789 2650 845 2713 καὶ
859 2648 1003 2728 νοητῶν·
1028 2645 1123 2715 τοῦτό
1138 2653 1206 2716 ἐστι
1221 2645 1258 2716 τό
1275 2649 1420 2736 ἀγαθόν,

440 2779 464 2830 2.
483 2772 731 2846 ἀλλά-γενέσθαι
752 2796 803 2828 om.
824 2777 888 2828 Patr.
918 2772 930 2844 ΙΙ
972 2776 1009 2852 τι]
1033 2777 1109 2830 τιτὸ
1131 2780 1151 2830 Α
1170 2781 1249 2832 Turn.
1269 2782 1348 2832 Fluss.
1367 2801 1419 2831 era-

441 2885 496 2915 sum
514 2863 541 2914 iu
559 2864 590 2915 B.
666 2863 690 2914 4.
709 2861 851 2930 τὸνθεόν]
871 2864 921 2914 τοῦ
938 2863 975 2932 μὴ
996 2863 1041 2914 ΑΒ
1060 2865 1139 2916 Turn.
1158 2865 1239 2918 Fluss.
1315 2865 1340 2918 6.
1359 2867 1419 2919 νοῦν

439 2971 490 3002 om.
514 2951 560 3002 AB
579 2950 657 3002 Turn.
681 2950 761 3001 Fluss.
782 2942 796 3016 Η
832 2947 1072 3018 αἴτιος-πνεῦμα
1095 2971 1145 3002 om.
1170 2951 1216 3003 AB
1236 2952 1315 3005 Turn.
1340 2954 1418 3003 Fluss.

441 3037 483 3089 12.
501 3033 582 3104 μόνον
599 3057 649 3088 om.
669 3036 735 3088 Patr.
813 3034 854 3086 l3.
875 3033 1005 3105 χωριστά]
1029 3035 1064 3086 siu
1084 3035 1150 3088 Patr.
1171 3036 1280 3110 χωρητότ
1299 3042 1320 3090 Α
1340 3041 1419 3092 Turn.

438 3121 522 3174 Fluss.
544 3118 671 3193 ῦχωρηιοὶ
689 3122 719 3174 Β.
739 3117 753 3189 Η
791 3119 852 3200 alos]
874 3121 911 3172 sic
928 3119 990 3184 AB,
1013 3124 1068 3173 luas
1087 3123 1165 3174 Turn.
1184 3124 1265 3174 Fluss.
1283 3145 1334 3178 om.
1352 3125 1419 3176 Patr.

441 3206 483 3260 ll.
501 3205 607 3273 ἔχοντα]
625 3212 714 3274 {lovon
732 3208 797 3260 Patr.
889 3205 929 3257 li.
948 3203 1030 3258 τοῦτό
1048 3211 1103 3260 ἐστι
1121 3209 1154 3261 τό
1173 3204 1291 3276 οἱγαθὸν]
1310 3209 1345 3260 sic
1364 3209 1418 3270 AB,

439 3313 482 3344 om
500 3293 578 3345 Tum
598 3292 678 3344 Fluss.
698 3293 763 3344 Patr.

370 3421 458 3468 autem
476 3430 509 3465 ex
526 3429 581 3466 nou
600 3411 716 3466 autibus.
734 3430 848 3486 namquo
868 3429 924 3466 nou
946 3412 1017 3466 entia
1039 3420 1160 3466 naturam
1177 3429 1232 3466 uon
1254 3408 1366 3478 habant,
1389 3420 1419 3466 ut

368 3498 476 3574 possint
497 3515 569 3565 asso,
595 3495 644 3552 aad
661 3504 692 3551 ut
709 3515 763 3551 nou
784 3498 892 3572 possint
914 3495 1059 3572 quidquam
1083 3515 1157 3563 asso,
1181 3505 1208 3550 et
1230 3515 1324 3552 rursus
1348 3497 1418 3552 entia

369 3593 490 3639 naturam
506 3603 560 3638 nou
578 3581 686 3648 habeut,
704 3592 735 3638 ut
752 3602 886 3657 uunquam
903 3583 966 3638 siut.

421 3668 509 3724 Asel.
546 3668 621 3742 Quid
640 3687 701 3743 ergo
720 3667 798 3734 diois,
817 3667 894 3724 doum
914 3688 975 3724 esse
992 3666 1152 3742 aliquando?

421 3753 527 3812 Herm.
563 3754 640 3809 Deus
662 3774 716 3809 nou
738 3763 782 3808 ost
803 3774 892 3822 mons,
916 3752 965 3810 sod
988 3773 1081 3810 caussa
1108 3764 1139 3810 ut
1161 3755 1198 3809 sit
1219 3773 1308 3822 mena;
1331 3773 1418 3830 nequo

370 3840 497 3916 spiritua,
516 3838 566 3894 ssd
584 3858 677 3894 mussa
701 3847 731 3895 ut
747 3841 785 3894 sit
801 3843 928 3918 spiritus,
951 3860 1037 3916 usqua
1060 3839 1118 3910 lux,
1141 3839 1191 3897 sed
1213 3861 1308 3898 caussa
1330 3850 1360 3896 ut
1382 3841 1419 3893 sit

369 3927 430 3992 lux;
451 3924 523 3982 unda
544 3923 648 3980 duabus
666 3924 709 3981 lais
725 3925 950 4004 appellationibus
968 3925 1045 3984 deum
1063 3929 1185 3984 venerari
1205 3935 1328 4004 oportet,
1351 3941 1419 3996 quae

370 4011 423 4068 soli
444 4014 499 4088 ipsi
521 4020 585 4066 suut
606 4014 743 4089 proprias,
767 4023 795 4068 et
811 4012 880 4068 nulli
899 4012 951 4068 alii.
971 4033 1056 4088 usque
1075 4017 1144 4068 euim
1163 4012 1288 4074 aliorum,
1311 4008 1358 4080 qui
1380 4005 1417 4059 alii

370 4098 496 4153 dicuntur
512 4117 600 4173 neque
617 4097 752 4155 homiuum
770 4119 857 4173 neque
875 4097 1032 4152 daemonum
1045 4100 1185 4171 quisquam
1196 4102 1289 4168 potest
1300 4092 1343 4146 val
1356 4111 1418 4166 qua·

370 4183 508 4238 ‹lamtuuus
530 4185 617 4240 bouus
636 4205 708 4252 ossa,
731 4187 785 4240 uisi
806 4182 883 4238 solus
905 4181 986 4246 deus,
1010 4191 1037 4236 et
1059 4182 1111 4235 hoa
1132 4182 1219 4254 ipsum
1243 4187 1284 4232 est
1306 4187 1333 4232 at
1350 4176 1417 4232 nihil

370 4267 454 4334 aliud3
477 4268 526 4324 alia
550 4290 614 4325 varo
637 4273 724 4326 omnia
747 4265 907 4343 separabilia
930 4274 994 4318 sunt
1015 4286 1029 4318 a
1052 4264 1116 4318 boni
1139 4271 1246 4328 uatum
1272 4283 1331 4318 uam
1354 4273 1418 4318 sunt
1501 4295 1504 4302 ·

368 4374 466 4432 eorpus
485 4366 513 4411 et
529 4358 623 4425 anima,
642 4356 703 4412 locu
716 4353 832 4409 carentia
845 4370 900 4426 quo
912 4349 1020 4425 possint
1032 4350 1131 4404 bouum
1143 4367 1246 4426 capara.
1264 4359 1335 4404 tauta
1348 4351 1417 4405 enim

370 4451 413 4496 ast
429 4442 494 4498 boui
512 4441 674 4517 magnitudo,
694 4446 791 4512 quauta
810 4446 853 4492 sat
870 4435 1011 4493 existentia
1030 4435 1129 4492 antium
1147 4437 1261 4492 omnium
1280 4447 1307 4492 at
1324 4455 1419 4513 corpu·
