3517 5434
320 713 373 762 esp.
394 691 419 744 Ι.
667 739 677 746 ,
755 685 935 758 Ποιμάνῦρης.
1358 685 1373 738 7

384 846 456 910 Καὶ
477 841 495 908 ὁ
519 845 584 907 νῦν
606 843 743 922 θνητῶν
766 843 826 908 τοῦ
850 835 979 924 κόσμου
1009 833 1098 918 ζοίων
1129 839 1184 904 καὶ
1207 840 1272 904 τῶν
1295 835 1377 904 ἀλό-
1404 840 1445 906 ll

317 979 383 1041 you
404 957 486 1041 ἔχων
505 954 621 1019 νεῦσαν
649 952 801 1033 ἐξουσίαν
829 950 886 1017 διὰ
907 952 968 1031 τῆς
995 947 1158 1037 ἁρμονίας
1179 951 1375 1039 παρέκυψεν,

283 1063 509 1154 ιάναρρήξας
535 1059 574 1131 τὰ
603 1060 725 1148 κράτος
751 1065 817 1130 νῦν
838 1058 978 1139 κύκλων,
1006 1063 1062 1126 καὶ
1086 1058 1183 1139 tratre
1206 1061 1246 1150 τῇ
1268 1083 1373 1126 κατω-

317 1188 411 1268 φερεῖ
432 1173 531 1267 φύσει
552 1170 613 1256 τὴν
633 1168 740 1254 καλὴν
761 1177 821 1240 τοῦ
835 1175 923 1240 θεοῦ
936 1166 1082 1262 μορφήν.
1105 1167 1148 1251 ἣν
1165 1171 1283 1236 ἰδοῦσα
1298 1167 1374 1238 ἀκό-

316 1311 435 1376 ρεστον
455 1283 576 1362 κάλλος
597 1288 654 1351 καὶ
675 1289 790 1350 πᾶσαν
811 1288 976 1372 ἐνέργειαν
991 1288 1027 1348 ἐν
1041 1285 1139 1374 ἑαυτῇ
1154 1284 1294 1369 beorum
1310 1285 1374 1348 τῶν

282 1397 399 1474 etmel
420 1394 648 1486 διοικητόρων,
674 1393 737 1476 τήν
765 1419 799 1461 τι
821 1391 959 1485 μορφὴν
979 1395 1040 1459 τοῦ
1061 1395 1161 1471 θεοῦ,
1190 1395 1374 1488 tumtunm
1414 1435 1447 1451 .-

316 1515 417 1599 ίρωτι,
441 1506 499 1575 ἅτε
521 1513 580 1590 τῆς
601 1509 777 1587 καλλίστης
798 1509 934 1597 μορφῆς
949 1508 1008 1571 τοῦ
1024 1500 1211 1591 ἀνθρώπου
1233 1499 1272 1570 τό
1288 1501 1374 1582 εἶδος

316 1630 352 1688 ὲν
376 1625 422 1706 τῷ
443 1617 541 1688 ῦδατι
569 1622 700 1698 ἰδοῦσα,
728 1621 784 1684 καὶ
806 1613 846 1683 τὰ
870 1620 1018 1700 σκίασμα
1040 1617 1093 1680 ἐπὶ
1116 1617 1175 1694 τῆς
1195 1616 1266 1698 γῆς.
1297 1613 1316 1680 ὁ
1340 1618 1374 1682 tt

283 1727 477 1813 altimetria
499 1729 621 1814 ὁμοίαν
643 1728 733 1814 αὐτῷ
753 1725 904 1819 μορφήν,
936 1733 970 1794 λυ
993 1731 1099 1810 ἑαυτῷ
1128 1717 1251 1805 οὖσαν,
1271 1731 1306 1791 ἐν
1329 1730 1374 1811 τῷ
1449 1806 1452 1812 .

316 1840 421 1920 ῦδατι,
443 1843 579 1932 ἐφίλησε
602 1844 658 1906 καὶ
680 1839 859 1925 ἠβουλήθη
875 1839 959 1928 αὐτῇ
981 1847 1158 1904 συνοικεῖν·
1181 1834 1253 1922 ἅμα
1276 1840 1310 1904 δὲ
1334 1841 1374 1928 τῇ
1446 1865 1452 1872 ·

316 1953 420 2041 βρυλῇ
442 1956 569 2036 ἐγίνετο
590 1955 746 2037 ἐνέργεια,
774 1952 831 2015 καὶ
854 1945 910 2014 emi
932 1969 967 2013 os
997 1943 1058 2028 τὴν
1066 1943 1204 2044 ῦλρμρν
1223 1946 1375 2040 μορφήν,
1400 1947 1441 2014 15

266 2061 338 2143 toti
362 2060 519 2153 δὲφύσις
545 2062 700 2145 λαβοῦσα
727 2055 788 2126 τὸν
815 2056 979 2146 ἐρώμενον
1006 2056 1204 2147 περιεπλοίκη
1234 2057 1295 2141 ὅλη
1317 2065 1373 2128 καὶ

316 2177 496 2258 ἐμίγησαν·
518 2170 672 2260 ἐρώμενοι
688 2167 754 2260 γὰρ
775 2163 873 2252 ἦσαν.
896 2173 952 2236 καὶ
967 2167 1023 2236 διὰ
1037 2173 1135 2238 τοῦτο
1149 2168 1242 2259 παρὰ
1262 2169 1374 2240 πάντα

315 2280 357 2348 τὰ
379 2288 432 2350 ἐπὶ
454 2286 515 2368 γῆς
536 2285 603 2364 ζῶα
626 2285 761 2360 διπλοῦς
783 2287 873 2350 ἐστὶν
896 2281 914 2348 ὁ
938 2277 1134 2370 ἄνθρωπος,
1163 2279 1293 2365 θνητὸς
1314 2288 1374 2371 μὲν

264 2425 298 2476 15
315 2392 372 2460 διὰ
393 2394 431 2461 τὸ
455 2399 562 2480 σῶμα,
591 2392 771 2472 ἀθάνατος
792 2397 828 2461 δὲ
850 2393 906 2460 διὰ
934 2388 993 2460 τὸν
1015 2391 1157 2474 οὐσαίδη
1179 2389 1373 2481 ἄνθρωπον.

387 2596 412 2649 l.
442 2595 457 2650 ὅ
484 2596 533 2652 τοῦ
559 2597 611 2651 νῦν
633 2597 687 2650 ΑΒ.
705 2613 729 2649 et
756 2617 807 2650 orn.
827 2598 876 2648 τοῦ
898 2596 1083 2668 ααεοκόσμου.
1105 2591 1118 2663 ll
1165 2598 1211 2650 uui
1237 2595 1288 2648 τῶν
1307 2593 1372 2650 nilei-

386 2703 436 2748 μων
455 2682 524 2745 ζῦυν
544 2684 598 2735 ΑΒ.
652 2683 678 2736 3.
697 2681 749 2735 τῶν
768 2679 875 2749 κύκλων]
895 2682 930 2734 sic
948 2681 1016 2736 Patr.
1035 2703 1091 2756 ουν.Ι
1105 2682 1204 2751 reliqui.
1251 2681 1309 2735 34.
1323 2683 1372 2752 τὴν

388 2767 526 2838 καταφερῆ
545 2768 624 2836 φῦσιν
643 2769 698 2820 ΑΒ.
769 2766 793 2819 4.
811 2763 855 2835 ἣν]
874 2767 909 2818 sic
928 2769 949 2820 Α
969 2769 1045 2832 Patr,
1063 2765 1121 2836 ἥτις
1138 2767 1170 2830 Β,
1187 2765 1219 2822 iis
1236 2767 1337 2838 reliqui.
1357 2765 1371 2839 ΙΙ

388 2851 495 2917 ἰδοῦσα]
514 2854 575 2905 loebe
593 2854 689 2919 Vergic.
708 2855 775 2904 Patr.
840 2853 866 2903 5.
887 2852 982 2923 ἑαυτῇ]
1002 2854 1037 2906 sic
1055 2855 1121 2905 Patr.
1142 2852 1225 2921 ἑαυτῷ
1243 2855 1342 2923 reliqui.
1356 2852 1371 2923 ΙΙ

388 2936 511 3001 ἔχουσαν]
528 2934 564 2985 sic
581 2936 647 2986 Patr.
667 2941 762 3000 ἴχουτα
779 2937 814 2996 B,
832 2937 927 2987 λ’κοντα
946 2941 982 2998 Α,
1001 2943 1059 3002 ilua
1077 2937 1178 3005 reliqui.
1248 2938 1273 2990 6.
1292 2939 1372 3006 ἱστοὶ]

387 3021 422 3072 sic
441 3021 505 3072 Patr.
525 3015 694 3090 orn.⁸reliqui.
746 3021 770 3072 7.
789 3017 849 3085 ὅτε]
868 3017 903 3078 ῦς
920 3017 969 3072 οἵτε
989 3022 1035 3072 ΑΒ
1055 3023 1124 3073 Patr.
1172 3021 1197 3074 9.
1217 3014 1309 3086 οὖσαν,
1328 3027 1373 3076 καὶ

386 3112 413 3159 ἓν
430 3107 461 3158 Β.
547 3106 588 3158 10.
608 3102 691 3178 αῦτη]
710 3107 744 3158 sic
762 3106 829 3157 Patr.
848 3100 935 3158 αῦτοῦ
953 3107 983 3168 Β,
1002 3102 1075 3174 cuius}
1094 3105 1193 3175 reliqui.
1213 3102 1227 3175 ΙΙ
1283 3127 1373 3162 συνοι-

386 3191 450 3260 κεῖν]
469 3192 504 3244 sic
521 3193 597 3255 Pur„
616 3197 696 3246 οίκεῖν
712 3190 813 3261 reliqui.
850 3191 891 3244 ll.
910 3190 1012 3260 letique]
1030 3193 1065 3244 sic
1084 3191 1179 3258 Vergic.
1198 3193 1273 3254 Patr,
1290 3190 1372 3263 ᾤκησε

386 3278 486 3348 reliqui.

385 3457 496 3533 Quique
522 3456 673 3514 muruham
700 3456 792 3515 mundi
820 3455 973 3512 animalium
996 3466 1023 3512 et
1045 3456 1238 3514 irrationalium
1266 3476 1372 3516 unauem

316 3552 478 3620 potestatem
494 3543 638 3612 habuerat,
656 3565 705 3619 per
722 3544 887 3601 harmoniam
912 3545 1033 3611 emersit,
1057 3545 1208 3620 irrumpens
1225 3546 1372 3620 potentium

317 3629 492 3696 circulorum,
515 3640 544 3686 et
560 3629 680 3686 ostendit
698 3629 824 3688 deorsum
841 3629 911 3686 lutee
933 3639 1043 3686 σείσειε
1065 3629 1202 3706 pulchram
1222 3629 1265 3687 dei
1283 3632 1372 3704 imagi·

316 3733 386 3770 aem.
404 3735 483 3790 quam
502 3735 562 3772 cum
579 3718 768 3792 conspexisset
785 3714 965 3776 insatiabilem
976 3715 1203 3794 pulchritudinem
1222 3726 1249 3772 et
1268 3736 1372 3772 omnem

318 3799 463 3856 efficaciam
480 3802 508 3854 in
527 3820 558 3856 se
574 3801 717 3856 habentem
735 3811 838 3877 septem
861 3810 1010 3868 rectorum,
1029 3811 1056 3857 et
1074 3803 1212 3878 imaginem
1230 3802 1290 3871 elei,
1311 3802 1372 3860 sub·

316 3887 378 3942 risit
395 3905 460 3962 prae
477 3905 577 3955 amore,
595 3895 691 3964 utpote
702 3885 896 3963 pulcherrimae
908 3888 1028 3964 imaginis
1041 3887 1156 3944 bominis
1172 3887 1283 3946 sormam
1296 3890 1373 3964 qussi

316 3975 343 4028 iu
363 3993 431 4048 aqua
454 3971 579 4040 vidisset,
603 3973 722 4030 umbram
744 3993 810 4031 vero
832 3975 860 4028 in
884 3983 961 4032 terro.
985 3972 1031 4050 ille
1054 3993 1118 4030 vero
1140 3973 1235 4033 videns
1258 3973 1372 4033 similem

317 4059 370 4114 sibi
392 4060 532 4134 imaginem
554 4061 582 4116 iu
601 4080 631 4116 se
648 4062 710 4138 ipso
733 4061 905 4128 existentem,
929 4062 956 4118 in
979 4081 1059 4136 equa,
1084 4058 1178 4116 dilexit
1197 4069 1224 4116 et
1242 4059 1330 4118 voluit
1347 4064 1371 4118 ei

317 4144 478 4202 cohabitare.
502 4146 1183 4224 ellmtufflssmigiu,mmm.mt„smmmtem‚
1207 4145 1371 4224 formamque
1407 4145 1424 4224 ,8

318 4241 450 4288 carentem
467 4235 571 4290 ratione
589 4238 739 4312 progenuit.
762 4243 856 4292 natura
872 4255 937 4292 vero
956 4235 1108 4310 suscipiens
1131 4242 1244 4290 amatum
1262 4237 1371 4290 circum·

317 4314 397 4392 plexa
422 4319 447 4372 ei
472 4329 515 4374 est
536 4329 592 4376 tota
611 4331 639 4378 et
655 4323 790 4378 commisti
811 4331 881 4378 sunt.
906 4341 966 4376 sese
989 4322 1059 4376 enim
1082 4319 1211 4376 amabunt.
1235 4329 1263 4374 et
1286 4319 1320 4374 ob
1343 4317 1371 4374 id

319 4409 425 4477 praeter
442 4406 531 4460 omnia
548 4414 654 4462 terrena
677 4405 798 4464 animalia
822 4406 924 4482 duplex
943 4415 984 4462 est
1002 4404 1096 4470 homo,
1119 4403 1240 4460 mortalis
1263 4402 1370 4478 quidem
