3517 5434
859 664 881 725 8
1291 675 1427 736 ιε-ν.
1453 747 1455 751 ,

313 833 431 895 ἐκείνου
450 835 506 915 τής
530 831 586 891 τοῦ
605 828 682 891 θεοῦ
706 829 906 914 δημιουργίας
923 831 974 893 τδν
992 829 1094 912 λόγον,
1120 831 1156 894 οῦ
1182 831 1274 915 μόνον
1297 837 1357 896 τῶν
1380 833 1428 896 ἀν-

310 927 446 1011 θρώπων
467 925 521 995 τὰς
539 922 737 1010 παραλόγους
754 926 878 1008 πράξεις
900 926 1095 996 ἐξετάσαντες
1114 929 1165 992 τδν
1189 927 1349 1013 εἰρημένον
1363 927 1428 1013 τρό-

309 1047 367 1087 πον
392 1025 585 1109 ἐσφάλησαν,
606 1020 687 1085 ἀλλά
708 1021 759 1084 καὶ
778 1025 907 1086 πλεῖστα
920 1028 979 1086 τῶν
998 1023 1286 1108 δημιουργημάτων,
1311 1029 1427 1110 μᾶλλον

310 1122 346 1186 δὲ
367 1123 478 1207 σχεδδν
501 1121 633 1199 ἅπαντα,
660 1117 756 1203 ψόγον
780 1117 895 1183 οὑδίνα
916 1119 993 1184 κατὰ
1015 1123 1048 1185 τδ
1072 1121 1188 1205 ἀληθὲς
1211 1121 1428 1209 ἐπιδεχόμενα,

310 1220 466 1306 διέβαλον,
486 1217 569 1282 κακά
591 1217 743 1278 δὲταῦτα
764 1221 944 1300 προσεῖπον,
971 1223 1030 1280 τῶν
1056 1221 1110 1302 μὲν
1134 1223 1239 1303 κρᾶσιν
1262 1225 1321 1282 τῶν
1343 1221 1426 1284 ἑναν-
1444 1231 1461 1290 5

308 1317 381 1380 τίων
402 1317 462 1395 (ὥς
485 1319 587 1400 φασι),
610 1316 708 1376 κακοῦ
729 1335 762 1375 τε
781 1315 832 1376 καὶ
853 1313 986 1396 ἀγαθοῦ,
1010 1318 1290 1401 καταψευσάμενοι,
1311 1323 1371 1381 τῶν
1394 1319 1428 1382 δὲ

310 1416 456 1497 μονοειδῆ
485 1413 593 1476 κακίαν
620 1410 829 1488 κατειπόντες,
856 1413 909 1474 καὶ
936 1411 1085 1498 συνέχεαν
1114 1412 1162 1492 (τό
1182 1437 1217 1497 γε
1241 1414 1288 1478 ἐπ’
1311 1416 1428 1498 αὐτοῖς)

248 1539 253 1547 ·
309 1510 347 1574 τά
365 1511 480 1589 πάντα,
508 1509 588 1572 κακά
618 1508 656 1572 τά
680 1509 831 1592 μηδαμῶς
861 1509 942 1572 κακά
963 1507 1189 1594 προσειπόντες.
1232 1513 1259 1575 εἰ
1287 1514 1341 1597 μὲν
1370 1515 1427 1598 γὰρ

308 1607 361 1691 τὴν
384 1607 469 1692 παρά
503 1607 678 1691 ἀνθρώποις
708 1607 842 1683 ἀδικίαν,
871 1605 967 1691 μόνην
1000 1605 1095 1672 οὑσαν
1121 1609 1256 1686 ἀδικίαν,
1284 1610 1427 1697 διέβαλον

310 1707 353 1774 εἰς
391 1705 516 1784 κακίαν,
543 1705 637 1789 ἐχρῆν
666 1707 720 1788 μὲν
747 1704 799 1766 καὶ
828 1705 927 1773 οὑτως
952 1705 1178 1790 ἀσφαλίίεσθαι
1209 1707 1345 1791 τοῦνομα
1377 1709 1427 1770 καὶ
1446 1717 1480 1770 10

308 1807 362 1890 τὴν
383 1805 452 1889 περὶ
471 1803 565 1885 αὑτῆς
583 1800 674 1872 δόξαν
703 1806 747 1871 ὡς
771 1802 971 1887 ὑπαρχούσης
992 1803 1043 1866 καὶ
1064 1803 1105 1886 μὴ
1126 1803 1325 1888 ὑπαρχούσης
1345 1803 1377 1868 ἔν
1395 1827 1428 1868 τε

308 1909 354 1989 τῷ
374 1900 563 1988 πράττεσθαι
584 1900 635 1962 καλ
658 1901 699 1983 μὴ
724 1901 922 1984 πράττεσθαι,
949 1899 1058 1984 ήκιστα
1077 1901 1112 1962 δὲ
1135 1901 1233 1984 ἀρχήν
1258 1899 1428 1985 ἐπεισάγειν

311 1998 406 2082 αὐτὴν
437 1999 514 2062 κατὰ
547 1999 639 2075 θεοῦ,
672 1998 759 2081 ὅμως
784 1997 812 2058 δ’
844 1994 880 2059 ἀν
913 1997 1017 2066 αὐτοῖς
1052 1998 1290 2082 εῦπερίγραπτον
1324 1999 1361 2083 ἦν
1393 2001 1427 2063 τδ

311 2097 452 2182 σφάλμα·
483 2098 546 2160 νυνὶ
575 2097 611 2159 δὲ
635 2096 746 2180 σχεδδν
779 2094 902 2158 ἅπασαν
933 2095 986 2180 τήν
1022 2096 1220 2180 δημιουργίαν
1251 2096 1429 2166 κακίσαντες

310 2195 477 2279 ὑπέρογκον
497 2195 551 2276 τὴν
570 2194 771 2281 βλασφημίαν
792 2192 870 2255 κατὰ
891 2193 968 2256 θεοῦ
979 2195 1159 2278 πεποίηνται
1172 2195 1222 2258 καὶ
1238 2195 1424 2278 παράγουσιν
1447 2203 1479 2257 15

269 2297 274 2308 “
309 2297 353 2362 ὡς
373 2291 609 2376 ὑμολογοὺμενα
629 2295 673 2377 τῷ
694 2291 778 2376 λόγῳ
798 2291 849 2352 καὶ
870 2291 969 2354 πάντα
991 2290 1028 2354 τά
1051 2291 1144 2376 θηρία
1157 2293 1207 2355 καὶ
1222 2291 1258 2354 τὰ
1270 2293 1427 2371 κνώδαλα,

309 2389 366 2452 οῦκ
388 2388 527 2472 οἰόμενοι
547 2393 660 2474 χρῆναι
676 2391 754 2475 πρδς
768 2388 890 2470 ἀγαθοῦ
904 2393 999 2452 ταῦτα
1011 2389 1205 2474 γεγενῆσθαι,
1218 2388 1274 2451 οὑκ
1285 2387 1425 2474 ἀχρηστα

310 2487 402 2571 μόνον
426 2491 485 2567 (ὑς
507 2487 726 2571 ὑπειλήφασιν)
748 2486 832 2562 ὄντα,
855 2487 937 2549 ἀλλά
960 2487 1010 2550 καὶ
1032 2489 1099 2550 λίαν
1122 2486 1298 2570 ἀνθρώποις
1317 2488 1425 2573 βλαβε·

309 2587 446 2668 ρώτατα,
468 2585 601 2667 καίτοιγε
624 2585 787 2669 δειχθῆναι
813 2584 970 2667 δυνάμενα
994 2589 1036 2654 ὡς
1060 2586 1176 2668 μᾶλλον
1200 2585 1427 2670 ὠφελιμώτερα

308 2683 359 2744 καὶ
381 2685 601 2765 χρησιμώτερα
622 2682 766 2765 τυγχάνει
783 2676 862 2764 ήπερ
886 2681 923 2744 τὰ
947 2679 1043 2750 όντως
1063 2681 1238 2766 ἀνθρώποις
1258 2671 1424 2745 λυσιτελεῖν
1442 2689 1477 2745 ὑί)

309 2779 470 2841 δοκοῦντα.
518 2779 569 2840 καὶ
593 2776 696 2839 πολλὰ
718 2777 774 2860 μέν
797 2778 849 2840 καὶ
871 2777 962 2860 ἕτερα
994 2779 1181 2862 σονείρουσιν
1212 2779 1257 2847 εἰς
1280 2780 1426 2865 διαβολὴν

309 2879 369 2936 τῶν
397 2872 493 2937 ὄντων
519 2876 570 2937 καλ
598 2878 651 2956 τῆς
676 2878 737 2936 τῶν
766 2874 849 2937 όλων
881 2874 1079 2956 διοικήσεως,
1110 2876 1126 2938 ό
1157 2877 1192 2938 δὲ
1219 2876 1311 2960 λόγος
1335 2879 1426 2942 οῦδὲν

310 2971 529 3035 ἀναπόδεικτον
544 2977 603 3034 τῶν
615 2993 649 3034 τε
660 2971 832 3057 εἰρημένων
845 2973 896 3034 καὶ
918 2971 1140 3056 ῥηθησομένων
1168 2977 1344 3038 καταλιπεῖν
1364 2999 1426 3038 πει-

311 3063 446 3154 ράσεται.
511 3070 544 3147 4,
582 3069 638 3134 δὺο
662 3069 720 3156 γὰρ
750 3070 894 3133 ἐναντίων
924 3068 1047 3154 φὺσεων
1078 3073 1182 3154 κρᾶσιν
1215 3071 1245 3133 ἐν
1267 3076 1330 3142 τοῖς
1359 3071 1428 3137 οὑσι

311 3165 536 3250 φανταζόμενοι
565 3168 745 3251 διανέμουσι
774 3167 898 3236 ταόταις
924 3166 962 3230 τὰ
985 3165 1058 3230 ὄντα
1085 3166 1163 3230 κατά
1186 3165 1220 3229 τδ
1243 3169 1353 3233 δοκοῦν
1376 3169 1426 3233 αὑ·
1443 3173 1479 3228 βό

309 3269 384 3340 τοῖς,
408 3263 509 3327 Πόθεν
523 3265 694 3348 (λέγοντες)
711 3266 748 3330 τὰ
767 3265 858 3342 κακά,
885 3267 912 3330 εί
935 3266 976 3350 μή
1000 3265 1034 3328 ἐκ
1054 3265 1135 3332 τινδς
1155 3265 1253 3350 ἀρχῆς
1267 3267 1318 3329 καί
1332 3271 1428 3331 ταῦτα

309 3363 471 3452 τυγχάνεις
494 3364 521 3426 εί
541 3361 577 3424 δέ
598 3385 642 3430 τις
664 3363 831 3447 ἐρωτήσειε
853 3363 953 3440 [loson
975 3362 1147 3446 συνείρουσι
1166 3361 1207 3425 τά
1229 3367 1289 3425 τῶν
1310 3363 1427 3448 ἀνθρά-

309 3484 377 3525 πων
408 3461 613 3544 ἁμαρτήματα
637 3461 687 3522 καὶ
710 3460 747 3524 τὰ
774 3465 830 3524 τοῦ
861 3461 938 3526 θεοῦ
956 3459 1228 3546 ,δημιουργήματα
1250 3461 1301 3524 καὶ
1333 3460 1427 3546 αὐτὴν

311 3558 386 3642 όλην
415 3559 470 3639 τὴν
495 3559 654 3641 πάνσοφον
678 3559 854 3642 οίκονομίαν
875 3559 1062 3632 κακίζουσιν,
1091 3560 1143 3630 ὥς,
1173 3555 1297 3642 εῖτι[ς]
1319 3558 1428 3628 δείξειε

310 3657 410 3717 πάντα
435 3656 541 3720 καλῶς
566 3655 617 3715 καὶ
649 3654 823 3735 ἀναγκαίως
847 3655 1005 3739 γεγονέναι
1033 3655 1085 3716 καὶ
1108 3653 1280 3736 γίγνεσθαι,
1310 3653 1430 3740 οἴχεται
1446 3657 1482 3710 3⁰

312 3751 420 3819 αὐτοῖς
446 3749 477 3819 ἐξ
504 3750 673 3833 ἀνάγκηςό
696 3752 765 3833 περὶ
791 3757 845 3836 τής
873 3750 1010 3818 ἐναντίας
1042 3751 1141 3834 ἀρχῆς
1161 3749 1262 3834 λόγος.
1299 3753 1341 3838 μή
1372 3751 1430 3838 γὰρ

314 3847 463 3915 συνιέντες
485 3847 571 3916 όπως
591 3845 715 3933 ἔχειτὰ
737 3850 832 3926 κάτω,
854 3848 1025 3912 έπλάσαντο
1046 3849 1116 3931 περὶ
1139 3847 1176 3911 τὰ
1199 3849 1263 3914 ἀνω
1286 3887 1328 3900 -
1351 3851 1430 3934 μηδὲ

226 3959 230 3965 “
309 3943 540 4031 καταλαβόντες
558 3943 623 4007 τίνα
644 3945 755 4030 τρόπον
772 3946 921 4008 διάκειται
941 3943 979 4007 τὰ
998 3945 1153 4029 δρώμενα,
1178 3946 1429 4033 ἐσυκοφάντησαν

311 4047 346 4108 τδ
372 4045 414 4128 μὴ
437 4045 596 4128 δρώμενον
619 4079 660 4089 -
681 4044 732 4106 καὶ
751 4049 865 4126 γνῶναι
888 4042 1127 4121 σπουδάσαντες,
1150 4042 1199 4106 διὰ
1212 4046 1245 4108 τδ
1261 4047 1302 4130 μὴ
1317 4052 1430 4129 γνῶναι

312 4141 420 4223 ἀγνοίηι
447 4142 563 4224 μείζονι
589 4139 781 4224 περιέπεσον.
834 4143 877 4208 ὑς
904 4137 962 4224 γὰρ
993 4138 1025 4201 ἐν
1062 4140 1162 4204 σκότει
1190 4143 1243 4225 τὴν
1272 4144 1342 4228 περὶ
1368 4147 1427 4204 τῶν
1446 4141 1480 4198 35

313 4237 508 4321 φαινομένων
535 4236 654 4301 ἔννοιαν
685 4241 862 4320 ζητοῦντες,
895 4237 931 4300 οὐ
960 4237 1053 4322 μόνον
1081 4239 1141 4324 οὑχ
1169 4237 1257 4322 εῦρον
1288 4239 1304 4302 δ
1330 4243 1428 4323 ζητεῖν

313 4333 461 4413 ἐδόκουν,
492 4334 646 4398 ἀλλὰκαὶ
675 4339 780 4419 μεῖζον
807 4337 928 4405 ἑαυτοῖς
955 4337 989 4400 τδ
1021 4336 1130 4406 σκότος
1156 4341 1210 4419 τῆς
1232 4337 1357 4420 ἀγνοίας
1377 4359 1428 4400 πε·
1477 4357 1481 4366 ·

311 4433 486 4517 ποιήκασιν.
540 4432 569 4506 5,
602 4432 748 4517 ἡμεῖς-δὲ
767 4436 888 4516 πρῶτον
909 4435 979 4519 περὶ
995 4439 1055 4498 τῶν
1080 4433 1135 4498 δὺο
1161 4434 1302 4498 ἐναντίων
1324 4434 1428 4520 ἀρχῶν

314 4528 350 4598 ἃς
372 4530 565 4596 ὑποτίθενται
593 4526 807 4614 διαλαβόντες,
834 4530 932 4598 οὑτως
953 4532 1075 4615 ήξωμεν
1099 4533 1175 4616 πρὺς
1200 4533 1252 4616 τὴν
1274 4531 1349 4615 ὑπὲρ
1368 4535 1428 4594 τῶν

1234 4627 1277 4691 ¹0
